Date,Actual Price,Predicted Price
2010-09-19 15:03:05.268265,100.01,99.03
2010-09-20 15:03:05.268265,100.69,101.29
2010-09-21 15:03:05.268265,100.63,98.73
2010-09-22 15:03:05.268265,98.07,98.33
2010-09-23 15:03:05.268265,99.29,98.52
2010-09-24 15:03:05.268265,99.16,98.66
2010-09-25 15:03:05.268265,98.55,96.81
2010-09-26 15:03:05.268265,99.96,98.02
2010-09-27 15:03:05.268265,101.05,102.0
2010-09-28 15:03:05.268265,101.1,101.57
2010-09-29 15:03:05.268265,102.89,104.73
2010-09-30 15:03:05.268265,105.02,106.8
2010-10-01 15:03:05.268265,106.95,106.28
2010-10-02 15:03:05.268265,106.45,105.39
2010-10-03 15:03:05.268265,107.23,109.28
2010-10-04 15:03:05.268265,110.6,109.8
2010-10-05 15:03:05.268265,113.44,113.72
2010-10-06 15:03:05.268265,113.19,114.09
2010-10-07 15:03:05.268265,112.25,112.83
2010-10-08 15:03:05.268265,112.47,112.71
2010-10-09 15:03:05.268265,115.72,117.31
2010-10-10 15:03:05.268265,115.66,114.23
2010-10-11 15:03:05.268265,115.92,113.87
2010-10-12 15:03:05.268265,115.86,116.73
2010-10-13 15:03:05.268265,118.39,117.06
2010-10-14 15:03:05.268265,119.64,120.09
2010-10-15 15:03:05.268265,118.34,118.18
2010-10-16 15:03:05.268265,116.0,115.11
2010-10-17 15:03:05.268265,114.42,113.16
2010-10-18 15:03:05.268265,115.97,113.92
2010-10-19 15:03:05.268265,117.49,115.82
2010-10-20 15:03:05.268265,116.31,116.36
2010-10-21 15:03:05.268265,114.45,115.55
2010-10-22 15:03:05.268265,117.28,117.78
2010-10-23 15:03:05.268265,117.66,119.9
2010-10-24 15:03:05.268265,115.32,117.05
2010-10-25 15:03:05.268265,116.67,114.98
2010-10-26 15:03:05.268265,115.49,116.54
2010-10-27 15:03:05.268265,116.49,117.84
2010-10-28 15:03:05.268265,115.93,117.03
2010-10-29 15:03:05.268265,117.8,118.59
2010-10-30 15:03:05.268265,119.26,120.9
2010-10-31 15:03:05.268265,120.57,119.66
2010-11-01 15:03:05.268265,121.09,121.7
2010-11-02 15:03:05.268265,119.69,119.89
2010-11-03 15:03:05.268265,121.13,122.96
2010-11-04 15:03:05.268265,121.04,119.53
2010-11-05 15:03:05.268265,121.58,122.53
2010-11-06 15:03:05.268265,119.99,121.15
2010-11-07 15:03:05.268265,119.06,120.26
2010-11-08 15:03:05.268265,117.21,115.05
2010-11-09 15:03:05.268265,118.73,118.94
2010-11-10 15:03:05.268265,118.37,119.11
2010-11-11 15:03:05.268265,120.29,118.02
2010-11-12 15:03:05.268265,121.58,119.96
2010-11-13 15:03:05.268265,121.59,122.25
2010-11-14 15:03:05.268265,120.7,122.57
2010-11-15 15:03:05.268265,120.66,120.52
2010-11-16 15:03:05.268265,122.32,121.93
2010-11-17 15:03:05.268265,121.26,122.25
2010-11-18 15:03:05.268265,122.24,120.81
2010-11-19 15:03:05.268265,120.96,120.88
2010-11-20 15:03:05.268265,122.12,120.37
2010-11-21 15:03:05.268265,119.78,120.96
2010-11-22 15:03:05.268265,120.53,122.76
2010-11-23 15:03:05.268265,121.33,119.03
2010-11-24 15:03:05.268265,120.07,119.08
2010-11-25 15:03:05.268265,121.65,120.66
2010-11-26 15:03:05.268265,120.01,121.86
2010-11-27 15:03:05.268265,121.6,122.93
2010-11-28 15:03:05.268265,120.86,119.26
2010-11-29 15:03:05.268265,119.24,116.92
2010-11-30 15:03:05.268265,119.92,120.26
2010-12-01 15:03:05.268265,121.94,119.51
2010-12-02 15:03:05.268265,122.45,123.63
2010-12-03 15:03:05.268265,121.34,120.69
2010-12-04 15:03:05.268265,122.28,123.48
2010-12-05 15:03:05.268265,122.51,124.67
2010-12-06 15:03:05.268265,121.8,123.96
2010-12-07 15:03:05.268265,122.54,121.59
2010-12-08 15:03:05.268265,124.37,125.28
2010-12-09 15:03:05.268265,123.9,125.13
2010-12-10 15:03:05.268265,122.75,121.64
2010-12-11 15:03:05.268265,122.99,122.25
2010-12-12 15:03:05.268265,125.65,125.08
2010-12-13 15:03:05.268265,125.85,123.62
2010-12-14 15:03:05.268265,126.0,124.75
2010-12-15 15:03:05.268265,128.41,127.97
2010-12-16 15:03:05.268265,127.59,129.92
2010-12-17 15:03:05.268265,129.62,131.13
2010-12-18 15:03:05.268265,130.08,130.49
2010-12-19 15:03:05.268265,127.6,127.69
2010-12-20 15:03:05.268265,126.05,125.35
2010-12-21 15:03:05.268265,125.91,124.5
2010-12-22 15:03:05.268265,126.07,123.87
2010-12-23 15:03:05.268265,126.6,127.99
2010-12-24 15:03:05.268265,124.83,125.51
2010-12-25 15:03:05.268265,124.67,126.67
2010-12-26 15:03:05.268265,125.42,127.89
2010-12-27 15:03:05.268265,126.12,125.74
2010-12-28 15:03:05.268265,127.11,126.4
2010-12-29 15:03:05.268265,126.26,126.06
2010-12-30 15:03:05.268265,125.15,125.67
2010-12-31 15:03:05.268265,122.52,123.37
2011-01-01 15:03:05.268265,120.57,120.54
2011-01-02 15:03:05.268265,123.03,125.14
2011-01-03 15:03:05.268265,124.87,127.18
2011-01-04 15:03:05.268265,125.2,126.69
2011-01-05 15:03:05.268265,126.1,124.67
2011-01-06 15:03:05.268265,125.68,126.29
2011-01-07 15:03:05.268265,126.87,127.59
2011-01-08 15:03:05.268265,126.97,128.59
2011-01-09 15:03:05.268265,129.5,127.43
2011-01-10 15:03:05.268265,129.54,129.4
2011-01-11 15:03:05.268265,130.12,130.4
2011-01-12 15:03:05.268265,130.59,131.41
2011-01-13 15:03:05.268265,132.2,131.27
2011-01-14 15:03:05.268265,134.35,133.21
2011-01-15 15:03:05.268265,132.42,134.23
2011-01-16 15:03:05.268265,132.77,132.45
2011-01-17 15:03:05.268265,132.12,130.08
2011-01-18 15:03:05.268265,134.1,134.94
2011-01-19 15:03:05.268265,128.43,128.23
2011-01-20 15:03:05.268265,132.09,131.79
2011-01-21 15:03:05.268265,129.25,126.71
2011-01-22 15:03:05.268265,128.75,128.58
2011-01-23 15:03:05.268265,128.49,129.26
2011-01-24 15:03:05.268265,128.82,128.06
2011-01-25 15:03:05.268265,130.57,132.32
2011-01-26 15:03:05.268265,129.65,128.67
2011-01-27 15:03:05.268265,131.34,131.52
2011-01-28 15:03:05.268265,133.3,132.81
2011-01-29 15:03:05.268265,132.03,133.04
2011-01-30 15:03:05.268265,133.24,135.27
2011-01-31 15:03:05.268265,134.79,132.45
2011-02-01 15:03:05.268265,136.58,135.91
2011-02-02 15:03:05.268265,135.73,136.22
2011-02-03 15:03:05.268265,133.82,134.92
2011-02-04 15:03:05.268265,132.22,133.32
2011-02-05 15:03:05.268265,135.29,134.32
2011-02-06 15:03:05.268265,135.86,133.38
2011-02-07 15:03:05.268265,133.04,131.58
2011-02-08 15:03:05.268265,134.58,135.54
2011-02-09 15:03:05.268265,136.09,135.27
2011-02-10 15:03:05.268265,137.14,137.74
2011-02-11 15:03:05.268265,136.37,133.68
2011-02-12 15:03:05.268265,135.53,136.76
2011-02-13 15:03:05.268265,135.73,133.94
2011-02-14 15:03:05.268265,137.71,138.32
2011-02-15 15:03:05.268265,139.06,137.09
2011-02-16 15:03:05.268265,137.41,137.09
2011-02-17 15:03:05.268265,139.29,140.37
2011-02-18 15:03:05.268265,138.83,140.66
2011-02-19 15:03:05.268265,138.78,138.79
2011-02-20 15:03:05.268265,140.8,142.3
2011-02-21 15:03:05.268265,142.49,140.06
2011-02-22 15:03:05.268265,142.93,145.42
2011-02-23 15:03:05.268265,144.06,146.48
2011-02-24 15:03:05.268265,143.18,141.75
2011-02-25 15:03:05.268265,142.99,141.57
2011-02-26 15:03:05.268265,143.7,141.05
2011-02-27 15:03:05.268265,146.55,148.25
2011-02-28 15:03:05.268265,145.07,144.81
2011-03-01 15:03:05.268265,146.28,147.72
2011-03-02 15:03:05.268265,146.74,145.65
2011-03-03 15:03:05.268265,146.71,146.05
2011-03-04 15:03:05.268265,145.53,144.4
2011-03-05 15:03:05.268265,146.3,147.11
2011-03-06 15:03:05.268265,147.48,147.07
2011-03-07 15:03:05.268265,149.65,149.2
2011-03-08 15:03:05.268265,152.02,153.33
2011-03-09 15:03:05.268265,150.97,151.15
2011-03-10 15:03:05.268265,151.62,153.39
2011-03-11 15:03:05.268265,151.62,148.69
2011-03-12 15:03:05.268265,152.32,153.0
2011-03-13 15:03:05.268265,152.25,152.88
2011-03-14 15:03:05.268265,150.83,153.29
2011-03-15 15:03:05.268265,149.87,150.53
2011-03-16 15:03:05.268265,149.19,151.59
2011-03-17 15:03:05.268265,149.76,147.18
2011-03-18 15:03:05.268265,148.74,148.93
2011-03-19 15:03:05.268265,150.93,148.65
2011-03-20 15:03:05.268265,150.08,151.95
2011-03-21 15:03:05.268265,150.1,153.1
2011-03-22 15:03:05.268265,149.61,147.32
2011-03-23 15:03:05.268265,149.51,151.95
2011-03-24 15:03:05.268265,148.64,148.12
2011-03-25 15:03:05.268265,148.04,145.19
2011-03-26 15:03:05.268265,149.35,148.1
2011-03-27 15:03:05.268265,148.37,150.56
2011-03-28 15:03:05.268265,147.19,148.65
2011-03-29 15:03:05.268265,144.97,144.83
2011-03-30 15:03:05.268265,145.39,143.12
2011-03-31 15:03:05.268265,144.47,144.83
2011-04-01 15:03:05.268265,142.6,145.16
2011-04-02 15:03:05.268265,143.24,143.78
2011-04-03 15:03:05.268265,143.61,142.99
2011-04-04 15:03:05.268265,144.89,145.1
2011-04-05 15:03:05.268265,145.07,143.38
2011-04-06 15:03:05.268265,144.56,144.96
2011-04-07 15:03:05.268265,145.14,147.23
2011-04-08 15:03:05.268265,141.53,141.49
2011-04-09 15:03:05.268265,140.87,142.48
2011-04-10 15:03:05.268265,141.3,142.47
2011-04-11 15:03:05.268265,144.71,146.98
2011-04-12 15:03:05.268265,144.48,145.03
2011-04-13 15:03:05.268265,143.32,145.99
2011-04-14 15:03:05.268265,142.51,143.2
2011-04-15 15:03:05.268265,143.5,142.07
2011-04-16 15:03:05.268265,144.7,143.3
2011-04-17 15:03:05.268265,146.1,143.65
2011-04-18 15:03:05.268265,144.65,147.47
2011-04-19 15:03:05.268265,142.53,141.74
2011-04-20 15:03:05.268265,144.53,144.18
2011-04-21 15:03:05.268265,144.67,143.05
2011-04-22 15:03:05.268265,143.54,145.19
2011-04-23 15:03:05.268265,143.18,144.4
2011-04-24 15:03:05.268265,145.99,147.09
2011-04-25 15:03:05.268265,146.85,145.39
2011-04-26 15:03:05.268265,148.74,146.29
2011-04-27 15:03:05.268265,151.29,154.18
2011-04-28 15:03:05.268265,150.61,153.24
2011-04-29 15:03:05.268265,149.96,151.48
2011-04-30 15:03:05.268265,151.97,150.25
2011-05-01 15:03:05.268265,154.69,151.99
2011-05-02 15:03:05.268265,154.36,156.52
2011-05-03 15:03:05.268265,150.86,149.09
2011-05-04 15:03:05.268265,150.32,148.5
2011-05-05 15:03:05.268265,152.65,150.86
2011-05-06 15:03:05.268265,151.42,152.4
2011-05-07 15:03:05.268265,148.53,150.15
2011-05-08 15:03:05.268265,145.74,148.51
2011-05-09 15:03:05.268265,145.12,147.06
2011-05-10 15:03:05.268265,142.65,141.93
2011-05-11 15:03:05.268265,144.49,143.72
2011-05-12 15:03:05.268265,144.89,144.27
2011-05-13 15:03:05.268265,144.39,142.89
2011-05-14 15:03:05.268265,143.93,145.99
2011-05-15 15:03:05.268265,144.67,142.38
2011-05-16 15:03:05.268265,145.6,142.95
2011-05-17 15:03:05.268265,147.55,148.47
2011-05-18 15:03:05.268265,145.63,144.18
2011-05-19 15:03:05.268265,146.23,148.83
2011-05-20 15:03:05.268265,149.71,146.75
2011-05-21 15:03:05.268265,147.84,150.75
2011-05-22 15:03:05.268265,149.91,150.73
2011-05-23 15:03:05.268265,148.95,147.29
2011-05-24 15:03:05.268265,148.78,147.96
2011-05-25 15:03:05.268265,151.58,151.52
2011-05-26 15:03:05.268265,150.72,148.07
2011-05-27 15:03:05.268265,151.92,151.89
2011-05-28 15:03:05.268265,154.32,155.57
2011-05-29 15:03:05.268265,156.53,159.4
2011-05-30 15:03:05.268265,157.59,157.0
2011-05-31 15:03:05.268265,159.47,162.12
2011-06-01 15:03:05.268265,157.76,155.77
2011-06-02 15:03:05.268265,158.19,157.56
2011-06-03 15:03:05.268265,156.65,156.12
2011-06-04 15:03:05.268265,155.49,154.01
2011-06-05 15:03:05.268265,155.81,154.0
2011-06-06 15:03:05.268265,156.74,157.19
2011-06-07 15:03:05.268265,157.26,158.89
2011-06-08 15:03:05.268265,159.14,158.01
2011-06-09 15:03:05.268265,160.08,160.21
2011-06-10 15:03:05.268265,160.32,159.7
2011-06-11 15:03:05.268265,161.96,164.61
2011-06-12 15:03:05.268265,163.07,163.22
2011-06-13 15:03:05.268265,161.98,161.91
2011-06-14 15:03:05.268265,163.63,162.95
2011-06-15 15:03:05.268265,163.71,163.77
2011-06-16 15:03:05.268265,161.8,159.59
2011-06-17 15:03:05.268265,160.27,160.86
2011-06-18 15:03:05.268265,163.25,166.27
2011-06-19 15:03:05.268265,163.71,161.4
2011-06-20 15:03:05.268265,161.73,163.11
2011-06-21 15:03:05.268265,162.08,164.23
2011-06-22 15:03:05.268265,158.58,161.32
2011-06-23 15:03:05.268265,158.72,158.34
2011-06-24 15:03:05.268265,159.03,156.89
2011-06-25 15:03:05.268265,155.12,157.04
2011-06-26 15:03:05.268265,155.84,157.37
2011-06-27 15:03:05.268265,156.37,153.99
2011-06-28 15:03:05.268265,154.88,154.56
2011-06-29 15:03:05.268265,155.16,154.44
2011-06-30 15:03:05.268265,153.78,156.52
2011-07-01 15:03:05.268265,152.98,152.32
2011-07-02 15:03:05.268265,154.76,156.25
2011-07-03 15:03:05.268265,156.31,156.44
2011-07-04 15:03:05.268265,156.67,153.63
2011-07-05 15:03:05.268265,154.99,153.69
2011-07-06 15:03:05.268265,151.75,154.66
2011-07-07 15:03:05.268265,152.74,151.61
2011-07-08 15:03:05.268265,151.93,150.91
2011-07-09 15:03:05.268265,153.39,152.25
2011-07-10 15:03:05.268265,152.38,151.63
2011-07-11 15:03:05.268265,155.41,156.68
2011-07-12 15:03:05.268265,156.28,158.34
2011-07-13 15:03:05.268265,157.54,157.13
2011-07-14 15:03:05.268265,159.1,162.13
2011-07-15 15:03:05.268265,159.63,157.7
2011-07-16 15:03:05.268265,159.01,162.09
2011-07-17 15:03:05.268265,158.47,159.93
2011-07-18 15:03:05.268265,159.44,156.94
2011-07-19 15:03:05.268265,157.42,155.21
2011-07-20 15:03:05.268265,157.84,155.46
2011-07-21 15:03:05.268265,160.06,163.08
2011-07-22 15:03:05.268265,161.02,163.95
2011-07-23 15:03:05.268265,162.07,160.16
2011-07-24 15:03:05.268265,160.87,163.8
2011-07-25 15:03:05.268265,160.97,159.15
2011-07-26 15:03:05.268265,161.74,162.19
2011-07-27 15:03:05.268265,161.93,162.75
2011-07-28 15:03:05.268265,163.19,162.09
2011-07-29 15:03:05.268265,162.47,163.47
2011-07-30 15:03:05.268265,159.08,160.09
2011-07-31 15:03:05.268265,160.91,163.65
2011-08-01 15:03:05.268265,160.42,159.12
2011-08-02 15:03:05.268265,160.84,162.55
2011-08-03 15:03:05.268265,160.08,161.12
2011-08-04 15:03:05.268265,161.44,161.29
2011-08-05 15:03:05.268265,162.32,161.7
2011-08-06 15:03:05.268265,162.47,163.89
2011-08-07 15:03:05.268265,163.22,162.01
2011-08-08 15:03:05.268265,164.25,164.7
2011-08-09 15:03:05.268265,163.58,166.72
2011-08-10 15:03:05.268265,164.36,166.36
2011-08-11 15:03:05.268265,165.03,162.83
2011-08-12 15:03:05.268265,163.66,164.03
2011-08-13 15:03:05.268265,161.22,163.96
2011-08-14 15:03:05.268265,160.07,161.66
2011-08-15 15:03:05.268265,160.53,159.55
2011-08-16 15:03:05.268265,159.66,160.47
2011-08-17 15:03:05.268265,159.77,159.25
2011-08-18 15:03:05.268265,161.14,164.28
2011-08-19 15:03:05.268265,160.99,161.09
2011-08-20 15:03:05.268265,161.58,163.84
2011-08-21 15:03:05.268265,161.91,159.8
2011-08-22 15:03:05.268265,160.17,161.65
2011-08-23 15:03:05.268265,159.73,159.56
2011-08-24 15:03:05.268265,160.69,163.42
2011-08-25 15:03:05.268265,161.45,161.54
2011-08-26 15:03:05.268265,162.43,163.94
2011-08-27 15:03:05.268265,162.0,160.86
2011-08-28 15:03:05.268265,164.16,162.44
2011-08-29 15:03:05.268265,163.45,160.71
2011-08-30 15:03:05.268265,164.75,167.73
2011-08-31 15:03:05.268265,166.86,169.98
2011-09-01 15:03:05.268265,166.02,168.46
2011-09-02 15:03:05.268265,165.67,163.44
2011-09-03 15:03:05.268265,165.93,162.68
2011-09-04 15:03:05.268265,167.6,165.38
2011-09-05 15:03:05.268265,168.34,167.61
2011-09-06 15:03:05.268265,171.99,173.46
2011-09-07 15:03:05.268265,172.44,174.78
2011-09-08 15:03:05.268265,175.33,174.25
2011-09-09 15:03:05.268265,176.76,175.08
2011-09-10 15:03:05.268265,175.31,173.66
2011-09-11 15:03:05.268265,172.84,170.97
2011-09-12 15:03:05.268265,172.43,175.59
2011-09-13 15:03:05.268265,171.73,172.57
2011-09-14 15:03:05.268265,172.47,170.97
2011-09-15 15:03:05.268265,171.68,172.0
2011-09-16 15:03:05.268265,171.66,171.63
2011-09-17 15:03:05.268265,171.59,174.25
2011-09-18 15:03:05.268265,170.82,167.56
2011-09-19 15:03:05.268265,172.17,170.05
2011-09-20 15:03:05.268265,173.38,176.4
2011-09-21 15:03:05.268265,172.54,173.08
2011-09-22 15:03:05.268265,171.3,172.25
2011-09-23 15:03:05.268265,172.65,175.9
2011-09-24 15:03:05.268265,174.7,175.67
2011-09-25 15:03:05.268265,174.07,176.25
2011-09-26 15:03:05.268265,176.4,175.93
2011-09-27 15:03:05.268265,175.25,177.19
2011-09-28 15:03:05.268265,177.0,178.18
2011-09-29 15:03:05.268265,174.9,173.98
2011-09-30 15:03:05.268265,172.79,171.25
2011-10-01 15:03:05.268265,173.55,176.75
2011-10-02 15:03:05.268265,173.94,174.18
2011-10-03 15:03:05.268265,173.21,175.34
2011-10-04 15:03:05.268265,173.76,176.09
2011-10-05 15:03:05.268265,173.72,173.06
2011-10-06 15:03:05.268265,176.34,179.78
2011-10-07 15:03:05.268265,176.27,173.4
2011-10-08 15:03:05.268265,178.08,175.36
2011-10-09 15:03:05.268265,179.76,179.8
2011-10-10 15:03:05.268265,179.93,180.2
2011-10-11 15:03:05.268265,183.68,181.71
2011-10-12 15:03:05.268265,185.95,189.12
2011-10-13 15:03:05.268265,184.67,186.02
2011-10-14 15:03:05.268265,182.44,182.14
2011-10-15 15:03:05.268265,184.52,181.94
2011-10-16 15:03:05.268265,186.54,186.93
2011-10-17 15:03:05.268265,187.72,185.68
2011-10-18 15:03:05.268265,187.45,188.36
2011-10-19 15:03:05.268265,186.78,186.01
2011-10-20 15:03:05.268265,186.57,185.24
2011-10-21 15:03:05.268265,185.95,182.92
2011-10-22 15:03:05.268265,185.8,184.81
2011-10-23 15:03:05.268265,184.85,185.67
2011-10-24 15:03:05.268265,185.45,185.71
2011-10-25 15:03:05.268265,186.27,185.51
2011-10-26 15:03:05.268265,186.91,186.43
2011-10-27 15:03:05.268265,188.02,186.83
2011-10-28 15:03:05.268265,189.43,186.34
2011-10-29 15:03:05.268265,190.11,187.66
2011-10-30 15:03:05.268265,189.47,193.11
2011-10-31 15:03:05.268265,189.69,191.06
2011-11-01 15:03:05.268265,188.42,191.62
2011-11-02 15:03:05.268265,190.42,189.18
2011-11-03 15:03:05.268265,191.41,191.68
2011-11-04 15:03:05.268265,190.99,193.51
2011-11-05 15:03:05.268265,194.72,192.7
2011-11-06 15:03:05.268265,196.6,197.33
2011-11-07 15:03:05.268265,198.45,194.64
2011-11-08 15:03:05.268265,201.25,200.83
2011-11-09 15:03:05.268265,202.07,202.08
2011-11-10 15:03:05.268265,202.73,206.25
2011-11-11 15:03:05.268265,201.98,200.35
2011-11-12 15:03:05.268265,202.65,201.78
2011-11-13 15:03:05.268265,203.14,204.99
2011-11-14 15:03:05.268265,203.29,199.87
2011-11-15 15:03:05.268265,200.57,203.92
2011-11-16 15:03:05.268265,200.95,203.96
2011-11-17 15:03:05.268265,202.54,202.36
2011-11-18 15:03:05.268265,201.6,205.6
2011-11-19 15:03:05.268265,201.25,198.39
2011-11-20 15:03:05.268265,201.12,198.09
2011-11-21 15:03:05.268265,200.57,198.69
2011-11-22 15:03:05.268265,201.3,203.61
2011-11-23 15:03:05.268265,201.76,200.05
2011-11-24 15:03:05.268265,201.87,202.8
2011-11-25 15:03:05.268265,203.68,204.25
2011-11-26 15:03:05.268265,204.62,208.54
2011-11-27 15:03:05.268265,206.13,202.15
2011-11-28 15:03:05.268265,201.66,201.09
2011-11-29 15:03:05.268265,202.35,202.12
2011-11-30 15:03:05.268265,204.06,207.6
2011-12-01 15:03:05.268265,203.39,201.14
2011-12-02 15:03:05.268265,203.17,204.8
2011-12-03 15:03:05.268265,202.99,201.08
2011-12-04 15:03:05.268265,202.0,201.32
2011-12-05 15:03:05.268265,201.55,199.08
2011-12-06 15:03:05.268265,200.49,197.04
2011-12-07 15:03:05.268265,201.11,199.99
2011-12-08 15:03:05.268265,202.61,206.0
2011-12-09 15:03:05.268265,202.76,201.36
2011-12-10 15:03:05.268265,200.34,198.09
2011-12-11 15:03:05.268265,201.03,197.57
2011-12-12 15:03:05.268265,202.66,201.25
2011-12-13 15:03:05.268265,203.29,199.78
2011-12-14 15:03:05.268265,201.42,202.64
2011-12-15 15:03:05.268265,201.02,203.98
2011-12-16 15:03:05.268265,202.23,200.12
2011-12-17 15:03:05.268265,203.52,204.54
2011-12-18 15:03:05.268265,204.71,205.88
2011-12-19 15:03:05.268265,204.76,206.48
2011-12-20 15:03:05.268265,201.82,198.23
2011-12-21 15:03:05.268265,201.98,202.89
2011-12-22 15:03:05.268265,202.38,199.19
2011-12-23 15:03:05.268265,202.1,205.15
2011-12-24 15:03:05.268265,203.58,203.07
2011-12-25 15:03:05.268265,202.68,204.19
2011-12-26 15:03:05.268265,200.23,201.22
2011-12-27 15:03:05.268265,200.25,196.3
2011-12-28 15:03:05.268265,201.23,198.14
2011-12-29 15:03:05.268265,201.26,203.15
2011-12-30 15:03:05.268265,198.67,198.32
2011-12-31 15:03:05.268265,198.16,195.22
2012-01-01 15:03:05.268265,196.7,199.96
2012-01-02 15:03:05.268265,197.7,194.99
2012-01-03 15:03:05.268265,195.47,191.92
2012-01-04 15:03:05.268265,193.19,193.28
2012-01-05 15:03:05.268265,194.34,191.36
2012-01-06 15:03:05.268265,194.71,195.52
2012-01-07 15:03:05.268265,195.45,198.92
2012-01-08 15:03:05.268265,195.34,198.72
2012-01-09 15:03:05.268265,195.42,198.64
2012-01-10 15:03:05.268265,196.73,196.86
2012-01-11 15:03:05.268265,197.52,200.12
2012-01-12 15:03:05.268265,197.91,200.31
2012-01-13 15:03:05.268265,198.64,199.58
2012-01-14 15:03:05.268265,197.11,196.93
2012-01-15 15:03:05.268265,198.62,199.1
2012-01-16 15:03:05.268265,197.6,195.97
2012-01-17 15:03:05.268265,198.4,196.99
2012-01-18 15:03:05.268265,197.51,198.72
2012-01-19 15:03:05.268265,198.43,195.76
2012-01-20 15:03:05.268265,200.22,198.14
2012-01-21 15:03:05.268265,199.37,196.53
2012-01-22 15:03:05.268265,200.53,197.81
2012-01-23 15:03:05.268265,201.79,200.79
2012-01-24 15:03:05.268265,200.54,203.93
2012-01-25 15:03:05.268265,198.91,201.37
2012-01-26 15:03:05.268265,200.82,197.66
2012-01-27 15:03:05.268265,199.24,199.13
2012-01-28 15:03:05.268265,200.22,200.45
2012-01-29 15:03:05.268265,200.44,204.15
2012-01-30 15:03:05.268265,201.61,203.23
2012-01-31 15:03:05.268265,200.26,200.54
2012-02-01 15:03:05.268265,200.85,200.36
2012-02-02 15:03:05.268265,200.67,204.64
2012-02-03 15:03:05.268265,198.0,201.86
2012-02-04 15:03:05.268265,198.96,199.51
2012-02-05 15:03:05.268265,199.35,196.57
2012-02-06 15:03:05.268265,198.29,195.12
2012-02-07 15:03:05.268265,200.46,203.6
2012-02-08 15:03:05.268265,198.73,195.67
2012-02-09 15:03:05.268265,199.89,197.4
2012-02-10 15:03:05.268265,197.49,196.84
2012-02-11 15:03:05.268265,198.93,195.14
2012-02-12 15:03:05.268265,193.47,193.13
2012-02-13 15:03:05.268265,193.9,191.91
2012-02-14 15:03:05.268265,194.76,198.61
2012-02-15 15:03:05.268265,193.62,196.8
2012-02-16 15:03:05.268265,193.54,194.71
2012-02-17 15:03:05.268265,194.6,198.33
2012-02-18 15:03:05.268265,195.56,198.37
2012-02-19 15:03:05.268265,195.44,196.94
2012-02-20 15:03:05.268265,194.32,196.39
2012-02-21 15:03:05.268265,198.06,200.77
2012-02-22 15:03:05.268265,196.06,195.52
2012-02-23 15:03:05.268265,193.93,193.55
2012-02-24 15:03:05.268265,195.58,198.69
2012-02-25 15:03:05.268265,194.56,196.16
2012-02-26 15:03:05.268265,196.15,198.26
2012-02-27 15:03:05.268265,195.19,193.61
2012-02-28 15:03:05.268265,194.68,196.79
2012-02-29 15:03:05.268265,195.21,192.37
2012-03-01 15:03:05.268265,195.75,195.25
2012-03-02 15:03:05.268265,195.24,194.59
2012-03-03 15:03:05.268265,195.78,196.76
2012-03-04 15:03:05.268265,193.74,195.43
2012-03-05 15:03:05.268265,194.74,193.67
2012-03-06 15:03:05.268265,192.26,195.7
2012-03-07 15:03:05.268265,192.23,193.89
2012-03-08 15:03:05.268265,193.33,195.59
2012-03-09 15:03:05.268265,193.33,193.65
2012-03-10 15:03:05.268265,194.24,190.48
2012-03-11 15:03:05.268265,196.43,196.71
2012-03-12 15:03:05.268265,196.67,193.75
2012-03-13 15:03:05.268265,196.54,199.05
2012-03-14 15:03:05.268265,196.64,197.97
2012-03-15 15:03:05.268265,196.7,193.06
2012-03-16 15:03:05.268265,196.68,195.83
2012-03-17 15:03:05.268265,198.05,200.13
2012-03-18 15:03:05.268265,199.12,196.74
2012-03-19 15:03:05.268265,199.01,195.16
2012-03-20 15:03:05.268265,195.53,198.97
2012-03-21 15:03:05.268265,195.17,197.39
2012-03-22 15:03:05.268265,192.66,192.69
2012-03-23 15:03:05.268265,191.11,188.83
2012-03-24 15:03:05.268265,188.29,185.86
2012-03-25 15:03:05.268265,186.46,185.9
2012-03-26 15:03:05.268265,187.36,185.11
2012-03-27 15:03:05.268265,187.94,188.81
2012-03-28 15:03:05.268265,191.07,192.78
2012-03-29 15:03:05.268265,192.92,195.65
2012-03-30 15:03:05.268265,193.67,193.55
2012-03-31 15:03:05.268265,192.58,191.06
2012-04-01 15:03:05.268265,192.57,189.86
2012-04-02 15:03:05.268265,192.14,192.98
2012-04-03 15:03:05.268265,193.09,194.94
2012-04-04 15:03:05.268265,192.58,189.68
2012-04-05 15:03:05.268265,193.13,189.52
2012-04-06 15:03:05.268265,193.31,195.29
2012-04-07 15:03:05.268265,192.29,189.83
2012-04-08 15:03:05.268265,193.65,195.81
2012-04-09 15:03:05.268265,195.78,194.5
2012-04-10 15:03:05.268265,194.82,192.0
2012-04-11 15:03:05.268265,197.18,198.21
2012-04-12 15:03:05.268265,197.03,196.39
2012-04-13 15:03:05.268265,195.68,196.27
2012-04-14 15:03:05.268265,194.29,194.84
2012-04-15 15:03:05.268265,194.48,196.26
2012-04-16 15:03:05.268265,195.59,194.0
2012-04-17 15:03:05.268265,195.56,196.81
2012-04-18 15:03:05.268265,196.58,194.15
2012-04-19 15:03:05.268265,195.74,191.98
2012-04-20 15:03:05.268265,196.86,192.99
2012-04-21 15:03:05.268265,197.11,198.26
2012-04-22 15:03:05.268265,198.92,195.94
2012-04-23 15:03:05.268265,197.36,196.83
2012-04-24 15:03:05.268265,198.2,197.52
2012-04-25 15:03:05.268265,197.98,194.11
2012-04-26 15:03:05.268265,199.19,199.93
2012-04-27 15:03:05.268265,198.24,198.98
2012-04-28 15:03:05.268265,201.57,204.82
2012-04-29 15:03:05.268265,203.28,203.96
2012-04-30 15:03:05.268265,201.62,201.97
2012-05-01 15:03:05.268265,203.58,202.66
2012-05-02 15:03:05.268265,202.66,205.09
2012-05-03 15:03:05.268265,201.79,200.94
2012-05-04 15:03:05.268265,203.74,201.14
2012-05-05 15:03:05.268265,205.18,203.24
2012-05-06 15:03:05.268265,210.91,209.69
2012-05-07 15:03:05.268265,209.82,209.28
2012-05-08 15:03:05.268265,212.91,210.71
2012-05-09 15:03:05.268265,211.08,211.4
2012-05-10 15:03:05.268265,213.49,211.19
2012-05-11 15:03:05.268265,214.39,213.33
2012-05-12 15:03:05.268265,212.56,212.04
2012-05-13 15:03:05.268265,212.23,209.52
2012-05-14 15:03:05.268265,210.52,213.44
2012-05-15 15:03:05.268265,207.06,203.48
2012-05-16 15:03:05.268265,206.58,204.2
2012-05-17 15:03:05.268265,204.8,203.63
2012-05-18 15:03:05.268265,205.93,204.19
2012-05-19 15:03:05.268265,205.94,203.55
2012-05-20 15:03:05.268265,208.47,207.34
2012-05-21 15:03:05.268265,210.01,212.55
2012-05-22 15:03:05.268265,208.89,210.8
2012-05-23 15:03:05.268265,207.25,209.09
2012-05-24 15:03:05.268265,205.79,208.29
2012-05-25 15:03:05.268265,206.3,203.44
2012-05-26 15:03:05.268265,206.52,205.08
2012-05-27 15:03:05.268265,204.74,207.58
2012-05-28 15:03:05.268265,203.2,202.5
2012-05-29 15:03:05.268265,201.34,198.47
2012-05-30 15:03:05.268265,200.96,204.54
2012-05-31 15:03:05.268265,199.94,198.01
2012-06-01 15:03:05.268265,198.66,195.09
2012-06-02 15:03:05.268265,197.45,201.3
2012-06-03 15:03:05.268265,197.1,197.33
2012-06-04 15:03:05.268265,197.0,198.88
2012-06-05 15:03:05.268265,197.89,197.84
2012-06-06 15:03:05.268265,194.94,193.18
2012-06-07 15:03:05.268265,195.8,194.75
2012-06-08 15:03:05.268265,194.93,198.68
2012-06-09 15:03:05.268265,195.49,192.32
2012-06-10 15:03:05.268265,195.13,193.21
2012-06-11 15:03:05.268265,196.21,199.57
2012-06-12 15:03:05.268265,195.89,193.91
2012-06-13 15:03:05.268265,198.21,200.73
2012-06-14 15:03:05.268265,197.21,200.74
2012-06-15 15:03:05.268265,196.26,196.31
2012-06-16 15:03:05.268265,198.41,201.49
2012-06-17 15:03:05.268265,197.01,198.92
2012-06-18 15:03:05.268265,197.3,197.09
2012-06-19 15:03:05.268265,197.63,194.11
2012-06-20 15:03:05.268265,199.04,200.31
2012-06-21 15:03:05.268265,197.93,198.81
2012-06-22 15:03:05.268265,196.92,193.83
2012-06-23 15:03:05.268265,196.03,196.07
2012-06-24 15:03:05.268265,197.7,194.22
2012-06-25 15:03:05.268265,196.21,198.95
2012-06-26 15:03:05.268265,197.71,194.54
2012-06-27 15:03:05.268265,198.14,201.12
2012-06-28 15:03:05.268265,198.65,202.36
2012-06-29 15:03:05.268265,199.52,197.97
2012-06-30 15:03:05.268265,200.75,201.54
2012-07-01 15:03:05.268265,198.94,200.4
2012-07-02 15:03:05.268265,201.1,200.05
2012-07-03 15:03:05.268265,203.61,201.15
2012-07-04 15:03:05.268265,203.26,204.79
2012-07-05 15:03:05.268265,204.96,204.29
2012-07-06 15:03:05.268265,204.11,203.36
2012-07-07 15:03:05.268265,205.08,207.52
2012-07-08 15:03:05.268265,204.15,204.47
2012-07-09 15:03:05.268265,203.89,207.53
2012-07-10 15:03:05.268265,203.65,207.53
2012-07-11 15:03:05.268265,204.07,200.91
2012-07-12 15:03:05.268265,205.5,202.32
2012-07-13 15:03:05.268265,207.38,203.7
2012-07-14 15:03:05.268265,207.03,210.35
2012-07-15 15:03:05.268265,206.73,208.7
2012-07-16 15:03:05.268265,206.81,203.37
2012-07-17 15:03:05.268265,205.96,205.27
2012-07-18 15:03:05.268265,206.52,205.29
2012-07-19 15:03:05.268265,206.29,207.58
2012-07-20 15:03:05.268265,207.51,210.37
2012-07-21 15:03:05.268265,205.19,207.05
2012-07-22 15:03:05.268265,204.37,203.68
2012-07-23 15:03:05.268265,203.61,206.27
2012-07-24 15:03:05.268265,207.13,207.75
2012-07-25 15:03:05.268265,209.16,209.78
2012-07-26 15:03:05.268265,207.47,205.83
2012-07-27 15:03:05.268265,208.62,211.43
2012-07-28 15:03:05.268265,208.56,209.74
2012-07-29 15:03:05.268265,208.99,211.02
2012-07-30 15:03:05.268265,208.51,205.98
2012-07-31 15:03:05.268265,211.25,213.59
2012-08-01 15:03:05.268265,212.1,213.57
2012-08-02 15:03:05.268265,211.1,209.26
2012-08-03 15:03:05.268265,209.48,212.12
2012-08-04 15:03:05.268265,209.76,208.03
2012-08-05 15:03:05.268265,209.08,212.92
2012-08-06 15:03:05.268265,209.14,208.29
2012-08-07 15:03:05.268265,208.35,206.6
2012-08-08 15:03:05.268265,205.89,207.6
2012-08-09 15:03:05.268265,205.27,207.18
2012-08-10 15:03:05.268265,206.05,205.68
2012-08-11 15:03:05.268265,207.72,207.5
2012-08-12 15:03:05.268265,206.43,204.17
2012-08-13 15:03:05.268265,207.13,206.09
2012-08-14 15:03:05.268265,208.23,209.45
2012-08-15 15:03:05.268265,207.21,204.76
2012-08-16 15:03:05.268265,206.39,205.04
2012-08-17 15:03:05.268265,203.9,200.81
2012-08-18 15:03:05.268265,204.58,207.8
2012-08-19 15:03:05.268265,203.56,207.33
2012-08-20 15:03:05.268265,202.94,199.45
2012-08-21 15:03:05.268265,203.67,199.98
2012-08-22 15:03:05.268265,200.99,204.3
2012-08-23 15:03:05.268265,200.2,200.55
2012-08-24 15:03:05.268265,198.91,195.98
2012-08-25 15:03:05.268265,198.63,199.04
2012-08-26 15:03:05.268265,199.02,199.18
2012-08-27 15:03:05.268265,197.64,199.42
2012-08-28 15:03:05.268265,198.83,197.25
2012-08-29 15:03:05.268265,200.71,203.7
2012-08-30 15:03:05.268265,198.67,197.96
2012-08-31 15:03:05.268265,197.08,197.77
2012-09-01 15:03:05.268265,198.34,197.07
2012-09-02 15:03:05.268265,197.45,200.74
2012-09-03 15:03:05.268265,195.69,194.78
2012-09-04 15:03:05.268265,195.62,196.27
2012-09-05 15:03:05.268265,199.45,197.19
2012-09-06 15:03:05.268265,199.78,196.45
2012-09-07 15:03:05.268265,198.1,195.89
2012-09-08 15:03:05.268265,200.05,199.64
2012-09-09 15:03:05.268265,202.09,202.29
2012-09-10 15:03:05.268265,199.05,196.38
2012-09-11 15:03:05.268265,197.41,199.91
2012-09-12 15:03:05.268265,199.24,199.6
2012-09-13 15:03:05.268265,198.04,199.95
2012-09-14 15:03:05.268265,195.34,198.56
2012-09-15 15:03:05.268265,194.11,194.0
2012-09-16 15:03:05.268265,191.79,189.15
2012-09-17 15:03:05.268265,190.98,193.99
2012-09-18 15:03:05.268265,190.19,190.97
2012-09-19 15:03:05.268265,190.3,191.02
2012-09-20 15:03:05.268265,188.14,188.24
2012-09-21 15:03:05.268265,186.3,186.27
2012-09-22 15:03:05.268265,186.8,186.61
2012-09-23 15:03:05.268265,186.79,184.16
2012-09-24 15:03:05.268265,188.75,189.17
2012-09-25 15:03:05.268265,186.46,189.25
2012-09-26 15:03:05.268265,185.51,186.73
2012-09-27 15:03:05.268265,184.69,183.96
2012-09-28 15:03:05.268265,184.84,188.15
2012-09-29 15:03:05.268265,180.4,176.94
2012-09-30 15:03:05.268265,179.0,180.41
2012-10-01 15:03:05.268265,176.81,175.29
2012-10-02 15:03:05.268265,178.29,175.94
2012-10-03 15:03:05.268265,177.15,177.2
2012-10-04 15:03:05.268265,177.62,178.12
2012-10-05 15:03:05.268265,177.74,178.46
2012-10-06 15:03:05.268265,181.4,180.2
2012-10-07 15:03:05.268265,180.19,177.21
2012-10-08 15:03:05.268265,180.38,183.07
2012-10-09 15:03:05.268265,181.26,181.47
2012-10-10 15:03:05.268265,183.0,180.14
2012-10-11 15:03:05.268265,183.57,183.72
2012-10-12 15:03:05.268265,183.64,181.43
2012-10-13 15:03:05.268265,184.37,185.45
2012-10-14 15:03:05.268265,184.62,181.91
2012-10-15 15:03:05.268265,183.1,182.18
2012-10-16 15:03:05.268265,182.42,179.41
2012-10-17 15:03:05.268265,181.28,183.71
2012-10-18 15:03:05.268265,182.11,185.13
2012-10-19 15:03:05.268265,183.18,184.64
2012-10-20 15:03:05.268265,181.92,185.43
2012-10-21 15:03:05.268265,182.41,183.84
2012-10-22 15:03:05.268265,182.12,180.86
2012-10-23 15:03:05.268265,181.52,180.76
2012-10-24 15:03:05.268265,178.72,177.66
2012-10-25 15:03:05.268265,175.91,175.46
2012-10-26 15:03:05.268265,173.44,172.61
2012-10-27 15:03:05.268265,172.48,173.94
2012-10-28 15:03:05.268265,171.54,173.55
2012-10-29 15:03:05.268265,171.49,172.22
2012-10-30 15:03:05.268265,170.27,173.6
2012-10-31 15:03:05.268265,168.78,170.22
2012-11-01 15:03:05.268265,166.34,163.95
2012-11-02 15:03:05.268265,168.92,172.3
2012-11-03 15:03:05.268265,166.95,167.9
2012-11-04 15:03:05.268265,168.54,167.66
2012-11-05 15:03:05.268265,170.04,167.63
2012-11-06 15:03:05.268265,169.5,169.47
2012-11-07 15:03:05.268265,170.95,170.6
2012-11-08 15:03:05.268265,172.11,171.22
2012-11-09 15:03:05.268265,172.39,173.67
2012-11-10 15:03:05.268265,173.14,175.4
2012-11-11 15:03:05.268265,175.62,175.12
2012-11-12 15:03:05.268265,174.39,177.27
2012-11-13 15:03:05.268265,174.43,174.92
2012-11-14 15:03:05.268265,176.63,178.08
2012-11-15 15:03:05.268265,176.91,176.87
2012-11-16 15:03:05.268265,178.34,178.51
2012-11-17 15:03:05.268265,178.53,175.59
2012-11-18 15:03:05.268265,178.51,179.71
2012-11-19 15:03:05.268265,177.84,176.45
2012-11-20 15:03:05.268265,179.53,176.56
2012-11-21 15:03:05.268265,180.0,177.52
2012-11-22 15:03:05.268265,178.76,177.93
2012-11-23 15:03:05.268265,179.3,182.68
2012-11-24 15:03:05.268265,181.47,178.95
2012-11-25 15:03:05.268265,182.83,179.54
2012-11-26 15:03:05.268265,183.22,185.37
2012-11-27 15:03:05.268265,184.88,186.66
2012-11-28 15:03:05.268265,183.76,180.51
2012-11-29 15:03:05.268265,184.28,180.81
2012-11-30 15:03:05.268265,182.52,181.95
2012-12-01 15:03:05.268265,180.47,180.12
2012-12-02 15:03:05.268265,181.22,177.65
2012-12-03 15:03:05.268265,177.71,177.5
2012-12-04 15:03:05.268265,175.38,175.15
2012-12-05 15:03:05.268265,176.24,176.0
2012-12-06 15:03:05.268265,177.08,176.6
2012-12-07 15:03:05.268265,178.02,176.61
2012-12-08 15:03:05.268265,181.14,180.09
2012-12-09 15:03:05.268265,182.81,186.06
2012-12-10 15:03:05.268265,183.77,184.31
2012-12-11 15:03:05.268265,184.29,187.62
2012-12-12 15:03:05.268265,184.92,186.35
2012-12-13 15:03:05.268265,183.32,182.62
2012-12-14 15:03:05.268265,184.39,182.76
2012-12-15 15:03:05.268265,187.27,185.47
2012-12-16 15:03:05.268265,189.21,190.72
2012-12-17 15:03:05.268265,189.2,187.43
2012-12-18 15:03:05.268265,187.44,189.63
2012-12-19 15:03:05.268265,187.46,186.51
2012-12-20 15:03:05.268265,186.19,183.76
2012-12-21 15:03:05.268265,188.52,185.55
2012-12-22 15:03:05.268265,188.97,190.54
2012-12-23 15:03:05.268265,191.04,188.04
2012-12-24 15:03:05.268265,191.64,191.9
2012-12-25 15:03:05.268265,190.82,193.62
2012-12-26 15:03:05.268265,189.83,190.13
2012-12-27 15:03:05.268265,189.27,189.06
2012-12-28 15:03:05.268265,190.06,189.35
2012-12-29 15:03:05.268265,188.76,187.33
2012-12-30 15:03:05.268265,186.71,189.07
2012-12-31 15:03:05.268265,187.62,186.5
2013-01-01 15:03:05.268265,186.03,185.06
2013-01-02 15:03:05.268265,188.07,186.38
2013-01-03 15:03:05.268265,188.06,191.37
2013-01-04 15:03:05.268265,188.26,184.8
2013-01-05 15:03:05.268265,186.96,185.41
2013-01-06 15:03:05.268265,186.19,185.05
2013-01-07 15:03:05.268265,185.34,186.18
2013-01-08 15:03:05.268265,184.67,186.75
2013-01-09 15:03:05.268265,183.33,183.47
2013-01-10 15:03:05.268265,182.61,182.07
2013-01-11 15:03:05.268265,180.1,181.49
2013-01-12 15:03:05.268265,182.25,183.56
2013-01-13 15:03:05.268265,181.14,178.02
2013-01-14 15:03:05.268265,179.47,180.0
2013-01-15 15:03:05.268265,180.6,177.74
2013-01-16 15:03:05.268265,181.49,178.98
2013-01-17 15:03:05.268265,182.41,181.24
2013-01-18 15:03:05.268265,181.61,179.64
2013-01-19 15:03:05.268265,183.07,185.56
2013-01-20 15:03:05.268265,184.51,184.17
2013-01-21 15:03:05.268265,183.35,183.41
2013-01-22 15:03:05.268265,183.27,186.08
2013-01-23 15:03:05.268265,184.69,182.84
2013-01-24 15:03:05.268265,183.55,184.69
2013-01-25 15:03:05.268265,181.24,180.89
2013-01-26 15:03:05.268265,181.54,178.53
2013-01-27 15:03:05.268265,183.73,183.19
2013-01-28 15:03:05.268265,184.18,187.7
2013-01-29 15:03:05.268265,184.51,183.12
2013-01-30 15:03:05.268265,184.13,180.85
2013-01-31 15:03:05.268265,185.12,185.18
2013-02-01 15:03:05.268265,184.02,183.03
2013-02-02 15:03:05.268265,181.85,181.63
2013-02-03 15:03:05.268265,182.37,179.54
2013-02-04 15:03:05.268265,180.8,178.59
2013-02-05 15:03:05.268265,181.19,180.55
2013-02-06 15:03:05.268265,179.99,177.71
2013-02-07 15:03:05.268265,179.34,182.52
2013-02-08 15:03:05.268265,180.18,177.7
2013-02-09 15:03:05.268265,179.4,177.29
2013-02-10 15:03:05.268265,181.93,181.66
2013-02-11 15:03:05.268265,183.11,179.65
2013-02-12 15:03:05.268265,182.69,185.02
2013-02-13 15:03:05.268265,181.61,185.17
2013-02-14 15:03:05.268265,179.39,182.9
2013-02-15 15:03:05.268265,178.5,179.07
2013-02-16 15:03:05.268265,177.53,177.7
2013-02-17 15:03:05.268265,179.25,180.13
2013-02-18 15:03:05.268265,177.8,178.04
2013-02-19 15:03:05.268265,176.93,179.67
2013-02-20 15:03:05.268265,179.61,177.26
2013-02-21 15:03:05.268265,178.67,178.18
2013-02-22 15:03:05.268265,179.76,179.2
2013-02-23 15:03:05.268265,180.76,179.5
2013-02-24 15:03:05.268265,181.25,184.05
2013-02-25 15:03:05.268265,183.21,181.49
2013-02-26 15:03:05.268265,183.01,181.43
2013-02-27 15:03:05.268265,181.31,181.99
2013-02-28 15:03:05.268265,183.59,186.98
2013-03-01 15:03:05.268265,180.86,177.97
2013-03-02 15:03:05.268265,182.76,179.95
2013-03-03 15:03:05.268265,184.42,187.45
2013-03-04 15:03:05.268265,187.12,187.2
2013-03-05 15:03:05.268265,188.1,187.44
2013-03-06 15:03:05.268265,187.85,188.96
2013-03-07 15:03:05.268265,187.53,184.02
2013-03-08 15:03:05.268265,185.15,182.15
2013-03-09 15:03:05.268265,183.98,183.96
2013-03-10 15:03:05.268265,183.09,180.52
2013-03-11 15:03:05.268265,183.67,184.6
2013-03-12 15:03:05.268265,185.02,184.28
2013-03-13 15:03:05.268265,186.22,183.51
2013-03-14 15:03:05.268265,188.04,189.62
2013-03-15 15:03:05.268265,185.89,188.59
2013-03-16 15:03:05.268265,189.15,188.31
2013-03-17 15:03:05.268265,188.67,190.64
2013-03-18 15:03:05.268265,188.85,185.9
2013-03-19 15:03:05.268265,189.21,186.9
2013-03-20 15:03:05.268265,190.25,189.65
2013-03-21 15:03:05.268265,191.72,192.13
2013-03-22 15:03:05.268265,192.55,195.76
2013-03-23 15:03:05.268265,190.32,193.84
2013-03-24 15:03:05.268265,191.53,191.48
2013-03-25 15:03:05.268265,190.78,194.45
2013-03-26 15:03:05.268265,192.14,193.39
2013-03-27 15:03:05.268265,193.5,189.93
2013-03-28 15:03:05.268265,193.84,193.43
2013-03-29 15:03:05.268265,194.21,194.96
2013-03-30 15:03:05.268265,193.6,192.94
2013-03-31 15:03:05.268265,192.62,192.38
2013-04-01 15:03:05.268265,189.63,191.11
2013-04-02 15:03:05.268265,189.33,187.73
2013-04-03 15:03:05.268265,188.77,190.68
2013-04-04 15:03:05.268265,186.17,186.84
2013-04-05 15:03:05.268265,186.59,185.61
2013-04-06 15:03:05.268265,185.41,186.35
2013-04-07 15:03:05.268265,183.68,186.58
2013-04-08 15:03:05.268265,184.47,182.42
2013-04-09 15:03:05.268265,183.16,185.32
2013-04-10 15:03:05.268265,181.39,180.52
2013-04-11 15:03:05.268265,180.1,181.97
2013-04-12 15:03:05.268265,180.69,181.28
2013-04-13 15:03:05.268265,181.2,184.12
2013-04-14 15:03:05.268265,181.94,183.71
2013-04-15 15:03:05.268265,179.45,182.95
2013-04-16 15:03:05.268265,180.29,178.67
2013-04-17 15:03:05.268265,179.96,183.17
2013-04-18 15:03:05.268265,179.2,182.22
2013-04-19 15:03:05.268265,177.4,180.12
2013-04-20 15:03:05.268265,177.97,180.25
2013-04-21 15:03:05.268265,178.27,176.89
2013-04-22 15:03:05.268265,178.3,179.84
2013-04-23 15:03:05.268265,175.79,177.07
2013-04-24 15:03:05.268265,174.74,175.18
2013-04-25 15:03:05.268265,175.38,178.37
2013-04-26 15:03:05.268265,173.41,176.27
2013-04-27 15:03:05.268265,175.11,176.98
2013-04-28 15:03:05.268265,175.23,171.76
2013-04-29 15:03:05.268265,175.29,172.37
2013-04-30 15:03:05.268265,175.57,172.31
2013-05-01 15:03:05.268265,176.07,176.77
2013-05-02 15:03:05.268265,175.4,172.97
2013-05-03 15:03:05.268265,174.04,172.06
2013-05-04 15:03:05.268265,171.2,170.7
2013-05-05 15:03:05.268265,173.43,175.62
2013-05-06 15:03:05.268265,173.8,175.11
2013-05-07 15:03:05.268265,173.61,171.52
2013-05-08 15:03:05.268265,174.28,172.27
2013-05-09 15:03:05.268265,173.3,176.2
2013-05-10 15:03:05.268265,173.21,171.68
2013-05-11 15:03:05.268265,174.85,171.9
2013-05-12 15:03:05.268265,172.37,171.95
2013-05-13 15:03:05.268265,171.66,174.88
2013-05-14 15:03:05.268265,169.27,166.04
2013-05-15 15:03:05.268265,170.71,170.0
2013-05-16 15:03:05.268265,170.43,167.38
2013-05-17 15:03:05.268265,169.85,166.48
2013-05-18 15:03:05.268265,170.88,170.02
2013-05-19 15:03:05.268265,169.83,168.06
2013-05-20 15:03:05.268265,171.07,169.09
2013-05-21 15:03:05.268265,172.19,175.16
2013-05-22 15:03:05.268265,170.76,171.46
2013-05-23 15:03:05.268265,170.37,173.24
2013-05-24 15:03:05.268265,168.9,169.57
2013-05-25 15:03:05.268265,168.34,165.42
2013-05-26 15:03:05.268265,165.81,166.33
2013-05-27 15:03:05.268265,165.44,165.99
2013-05-28 15:03:05.268265,165.42,165.82
2013-05-29 15:03:05.268265,165.88,163.34
2013-05-30 15:03:05.268265,161.07,158.31
2013-05-31 15:03:05.268265,163.38,164.66
2013-06-01 15:03:05.268265,162.53,162.33
2013-06-02 15:03:05.268265,160.45,157.85
2013-06-03 15:03:05.268265,162.05,163.92
2013-06-04 15:03:05.268265,162.42,162.77
2013-06-05 15:03:05.268265,161.71,159.07
2013-06-06 15:03:05.268265,162.24,161.82
2013-06-07 15:03:05.268265,161.0,160.11
2013-06-08 15:03:05.268265,160.36,161.83
2013-06-09 15:03:05.268265,161.12,163.07
2013-06-10 15:03:05.268265,161.82,160.28
2013-06-11 15:03:05.268265,162.45,163.93
2013-06-12 15:03:05.268265,160.96,158.08
2013-06-13 15:03:05.268265,162.52,162.99
2013-06-14 15:03:05.268265,164.27,163.35
2013-06-15 15:03:05.268265,165.53,168.23
2013-06-16 15:03:05.268265,165.57,162.31
2013-06-17 15:03:05.268265,167.11,164.53
2013-06-18 15:03:05.268265,166.31,164.28
2013-06-19 15:03:05.268265,166.14,164.72
2013-06-20 15:03:05.268265,168.67,167.51
2013-06-21 15:03:05.268265,167.37,166.93
2013-06-22 15:03:05.268265,167.12,164.32
2013-06-23 15:03:05.268265,166.94,169.01
2013-06-24 15:03:05.268265,167.41,167.46
2013-06-25 15:03:05.268265,166.68,167.26
2013-06-26 15:03:05.268265,166.72,165.82
2013-06-27 15:03:05.268265,166.31,163.22
2013-06-28 15:03:05.268265,165.52,163.56
2013-06-29 15:03:05.268265,164.71,163.43
2013-06-30 15:03:05.268265,164.03,164.38
2013-07-01 15:03:05.268265,163.76,165.05
2013-07-02 15:03:05.268265,166.31,167.33
2013-07-03 15:03:05.268265,166.79,164.24
2013-07-04 15:03:05.268265,168.76,167.76
2013-07-05 15:03:05.268265,169.01,166.25
2013-07-06 15:03:05.268265,167.03,167.16
2013-07-07 15:03:05.268265,166.2,164.66
2013-07-08 15:03:05.268265,166.02,164.97
2013-07-09 15:03:05.268265,165.46,168.46
2013-07-10 15:03:05.268265,163.09,164.94
2013-07-11 15:03:05.268265,160.54,157.64
2013-07-12 15:03:05.268265,160.42,159.99
2013-07-13 15:03:05.268265,161.52,160.69
2013-07-14 15:03:05.268265,160.52,160.0
2013-07-15 15:03:05.268265,158.4,159.65
2013-07-16 15:03:05.268265,157.23,155.31
2013-07-17 15:03:05.268265,157.3,156.07
2013-07-18 15:03:05.268265,155.48,156.38
2013-07-19 15:03:05.268265,156.14,155.05
2013-07-20 15:03:05.268265,157.83,156.26
2013-07-21 15:03:05.268265,158.29,157.51
2013-07-22 15:03:05.268265,156.6,158.74
2013-07-23 15:03:05.268265,154.71,155.61
2013-07-24 15:03:05.268265,155.73,156.19
2013-07-25 15:03:05.268265,156.33,157.17
2013-07-26 15:03:05.268265,154.35,155.89
2013-07-27 15:03:05.268265,152.37,150.56
2013-07-28 15:03:05.268265,151.9,153.57
2013-07-29 15:03:05.268265,150.03,151.51
2013-07-30 15:03:05.268265,150.81,152.49
2013-07-31 15:03:05.268265,152.66,151.78
2013-08-01 15:03:05.268265,153.64,153.92
2013-08-02 15:03:05.268265,154.01,152.99
2013-08-03 15:03:05.268265,153.87,151.47
2013-08-04 15:03:05.268265,150.47,148.34
2013-08-05 15:03:05.268265,148.18,148.65
2013-08-06 15:03:05.268265,149.27,151.55
2013-08-07 15:03:05.268265,151.47,150.85
2013-08-08 15:03:05.268265,150.26,149.27
2013-08-09 15:03:05.268265,151.21,149.34
2013-08-10 15:03:05.268265,152.38,154.8
2013-08-11 15:03:05.268265,153.4,151.19
2013-08-12 15:03:05.268265,152.87,150.78
2013-08-13 15:03:05.268265,150.74,150.98
2013-08-14 15:03:05.268265,148.47,147.49
2013-08-15 15:03:05.268265,146.79,146.91
2013-08-16 15:03:05.268265,146.74,148.97
2013-08-17 15:03:05.268265,147.78,146.71
2013-08-18 15:03:05.268265,150.54,149.85
2013-08-19 15:03:05.268265,149.53,146.72
2013-08-20 15:03:05.268265,150.42,152.47
2013-08-21 15:03:05.268265,153.02,154.66
2013-08-22 15:03:05.268265,152.86,151.05
2013-08-23 15:03:05.268265,150.83,149.73
2013-08-24 15:03:05.268265,149.44,150.89
2013-08-25 15:03:05.268265,147.83,149.96
2013-08-26 15:03:05.268265,148.32,146.33
2013-08-27 15:03:05.268265,146.43,148.37
2013-08-28 15:03:05.268265,146.72,148.46
2013-08-29 15:03:05.268265,144.51,143.95
2013-08-30 15:03:05.268265,143.13,145.24
2013-08-31 15:03:05.268265,143.7,145.26
2013-09-01 15:03:05.268265,147.28,148.53
2013-09-02 15:03:05.268265,146.61,144.62
2013-09-03 15:03:05.268265,145.9,145.46
2013-09-04 15:03:05.268265,147.6,148.63
2013-09-05 15:03:05.268265,148.22,148.66
2013-09-06 15:03:05.268265,146.34,146.74
2013-09-07 15:03:05.268265,146.35,147.62
2013-09-08 15:03:05.268265,144.8,146.13
2013-09-09 15:03:05.268265,145.09,145.3
2013-09-10 15:03:05.268265,142.81,140.32
2013-09-11 15:03:05.268265,138.87,140.6
2013-09-12 15:03:05.268265,138.72,140.67
2013-09-13 15:03:05.268265,138.69,138.8
2013-09-14 15:03:05.268265,140.0,142.54
2013-09-15 15:03:05.268265,139.36,140.05
2013-09-16 15:03:05.268265,137.16,136.57
2013-09-17 15:03:05.268265,138.97,138.57
2013-09-18 15:03:05.268265,138.72,140.77
2013-09-19 15:03:05.268265,140.04,138.38
2013-09-20 15:03:05.268265,140.72,138.22
2013-09-21 15:03:05.268265,141.55,144.34
2013-09-22 15:03:05.268265,141.06,140.24
2013-09-23 15:03:05.268265,140.82,138.74
2013-09-24 15:03:05.268265,142.69,144.75
2013-09-25 15:03:05.268265,141.0,142.11
2013-09-26 15:03:05.268265,141.95,142.35
2013-09-27 15:03:05.268265,140.53,143.06
2013-09-28 15:03:05.268265,140.58,138.32
2013-09-29 15:03:05.268265,141.2,141.96
2013-09-30 15:03:05.268265,140.97,141.22
2013-10-01 15:03:05.268265,139.08,136.99
2013-10-02 15:03:05.268265,142.49,141.52
2013-10-03 15:03:05.268265,142.82,143.02
2013-10-04 15:03:05.268265,142.03,139.93
2013-10-05 15:03:05.268265,142.17,140.74
2013-10-06 15:03:05.268265,145.01,146.23
2013-10-07 15:03:05.268265,143.82,143.22
2013-10-08 15:03:05.268265,142.78,140.71
2013-10-09 15:03:05.268265,141.15,143.39
2013-10-10 15:03:05.268265,142.85,142.5
2013-10-11 15:03:05.268265,142.25,141.73
2013-10-12 15:03:05.268265,142.13,141.57
2013-10-13 15:03:05.268265,144.41,144.04
2013-10-14 15:03:05.268265,145.51,142.96
2013-10-15 15:03:05.268265,146.3,147.73
2013-10-16 15:03:05.268265,146.08,146.04
2013-10-17 15:03:05.268265,146.6,146.09
2013-10-18 15:03:05.268265,145.57,145.74
2013-10-19 15:03:05.268265,144.43,143.5
2013-10-20 15:03:05.268265,143.24,140.84
2013-10-21 15:03:05.268265,142.31,140.29
2013-10-22 15:03:05.268265,142.4,144.89
2013-10-23 15:03:05.268265,143.37,142.52
2013-10-24 15:03:05.268265,143.68,144.2
2013-10-25 15:03:05.268265,142.01,142.85
2013-10-26 15:03:05.268265,141.43,141.93
2013-10-27 15:03:05.268265,143.57,142.25
2013-10-28 15:03:05.268265,144.7,144.35
2013-10-29 15:03:05.268265,145.14,147.78
2013-10-30 15:03:05.268265,147.18,148.71
2013-10-31 15:03:05.268265,148.45,145.83
2013-11-01 15:03:05.268265,145.4,143.99
2013-11-02 15:03:05.268265,146.29,147.64
2013-11-03 15:03:05.268265,145.4,145.19
2013-11-04 15:03:05.268265,146.52,148.84
2013-11-05 15:03:05.268265,144.79,144.85
2013-11-06 15:03:05.268265,143.98,141.91
2013-11-07 15:03:05.268265,146.71,146.19
2013-11-08 15:03:05.268265,145.52,146.79
2013-11-09 15:03:05.268265,145.99,147.2
2013-11-10 15:03:05.268265,145.83,145.09
2013-11-11 15:03:05.268265,145.35,145.92
2013-11-12 15:03:05.268265,142.41,144.91
2013-11-13 15:03:05.268265,140.78,141.88
2013-11-14 15:03:05.268265,141.36,143.4
2013-11-15 15:03:05.268265,141.39,142.66
2013-11-16 15:03:05.268265,143.34,141.25
2013-11-17 15:03:05.268265,143.95,141.63
2013-11-18 15:03:05.268265,145.23,146.53
2013-11-19 15:03:05.268265,145.97,146.56
2013-11-20 15:03:05.268265,148.45,149.13
2013-11-21 15:03:05.268265,149.19,146.22
2013-11-22 15:03:05.268265,148.96,150.17
2013-11-23 15:03:05.268265,149.97,147.51
2013-11-24 15:03:05.268265,146.66,148.89
2013-11-25 15:03:05.268265,146.36,148.87
2013-11-26 15:03:05.268265,143.92,145.03
2013-11-27 15:03:05.268265,144.05,142.06
2013-11-28 15:03:05.268265,144.35,144.14
2013-11-29 15:03:05.268265,144.92,144.31
2013-11-30 15:03:05.268265,143.75,144.94
2013-12-01 15:03:05.268265,143.6,144.5
2013-12-02 15:03:05.268265,143.68,144.47
2013-12-03 15:03:05.268265,144.9,143.74
2013-12-04 15:03:05.268265,145.28,146.13
2013-12-05 15:03:05.268265,147.45,144.51
2013-12-06 15:03:05.268265,148.89,147.31
2013-12-07 15:03:05.268265,150.71,153.42
2013-12-08 15:03:05.268265,150.99,152.19
2013-12-09 15:03:05.268265,151.57,153.11
2013-12-10 15:03:05.268265,153.42,153.93
2013-12-11 15:03:05.268265,151.9,149.93
2013-12-12 15:03:05.268265,151.78,150.38
2013-12-13 15:03:05.268265,151.77,151.89
2013-12-14 15:03:05.268265,151.75,150.43
2013-12-15 15:03:05.268265,151.1,150.69
2013-12-16 15:03:05.268265,147.06,148.65
2013-12-17 15:03:05.268265,147.1,149.73
2013-12-18 15:03:05.268265,146.6,147.19
2013-12-19 15:03:05.268265,143.73,142.77
2013-12-20 15:03:05.268265,144.97,146.6
2013-12-21 15:03:05.268265,147.26,146.34
2013-12-22 15:03:05.268265,145.35,148.07
2013-12-23 15:03:05.268265,144.11,142.25
2013-12-24 15:03:05.268265,144.11,142.63
2013-12-25 15:03:05.268265,144.9,146.02
2013-12-26 15:03:05.268265,143.05,145.62
2013-12-27 15:03:05.268265,142.26,142.45
2013-12-28 15:03:05.268265,141.59,144.03
2013-12-29 15:03:05.268265,140.62,138.14
2013-12-30 15:03:05.268265,141.92,143.77
2013-12-31 15:03:05.268265,141.01,142.29
2014-01-01 15:03:05.268265,142.84,143.88
2014-01-02 15:03:05.268265,142.71,141.02
2014-01-03 15:03:05.268265,144.55,142.18
2014-01-04 15:03:05.268265,141.65,140.01
2014-01-05 15:03:05.268265,143.45,143.5
2014-01-06 15:03:05.268265,142.48,142.69
2014-01-07 15:03:05.268265,143.23,142.41
2014-01-08 15:03:05.268265,141.21,143.04
2014-01-09 15:03:05.268265,140.17,140.13
2014-01-10 15:03:05.268265,142.02,141.43
2014-01-11 15:03:05.268265,142.25,144.99
2014-01-12 15:03:05.268265,140.43,141.38
2014-01-13 15:03:05.268265,140.38,142.53
2014-01-14 15:03:05.268265,142.14,142.93
2014-01-15 15:03:05.268265,142.78,140.08
2014-01-16 15:03:05.268265,145.72,145.19
2014-01-17 15:03:05.268265,146.12,147.69
2014-01-18 15:03:05.268265,147.66,144.79
2014-01-19 15:03:05.268265,149.78,147.86
2014-01-20 15:03:05.268265,148.74,149.3
2014-01-21 15:03:05.268265,151.79,150.21
2014-01-22 15:03:05.268265,152.65,149.89
2014-01-23 15:03:05.268265,150.89,149.7
2014-01-24 15:03:05.268265,152.89,154.99
2014-01-25 15:03:05.268265,151.49,149.75
2014-01-26 15:03:05.268265,150.07,147.25
2014-01-27 15:03:05.268265,148.65,151.0
2014-01-28 15:03:05.268265,150.02,147.25
2014-01-29 15:03:05.268265,149.79,152.49
2014-01-30 15:03:05.268265,147.54,149.67
2014-01-31 15:03:05.268265,147.76,147.76
2014-02-01 15:03:05.268265,145.82,143.53
2014-02-02 15:03:05.268265,146.45,147.59
2014-02-03 15:03:05.268265,149.21,150.61
2014-02-04 15:03:05.268265,148.45,150.49
2014-02-05 15:03:05.268265,146.81,148.48
2014-02-06 15:03:05.268265,145.89,145.12
2014-02-07 15:03:05.268265,143.11,140.46
2014-02-08 15:03:05.268265,145.19,145.89
2014-02-09 15:03:05.268265,143.96,145.42
2014-02-10 15:03:05.268265,141.29,140.11
2014-02-11 15:03:05.268265,141.47,141.79
2014-02-12 15:03:05.268265,140.55,139.39
2014-02-13 15:03:05.268265,139.59,141.05
2014-02-14 15:03:05.268265,139.54,137.46
2014-02-15 15:03:05.268265,137.78,138.62
2014-02-16 15:03:05.268265,138.64,139.18
2014-02-17 15:03:05.268265,136.12,137.76
2014-02-18 15:03:05.268265,134.1,134.06
2014-02-19 15:03:05.268265,132.16,133.23
2014-02-20 15:03:05.268265,131.36,133.86
2014-02-21 15:03:05.268265,132.26,132.8
2014-02-22 15:03:05.268265,131.27,129.34
2014-02-23 15:03:05.268265,132.36,134.21
2014-02-24 15:03:05.268265,131.77,133.24
2014-02-25 15:03:05.268265,128.42,130.41
2014-02-26 15:03:05.268265,126.01,125.14
2014-02-27 15:03:05.268265,125.96,127.02
2014-02-28 15:03:05.268265,125.71,126.02
2014-03-01 15:03:05.268265,126.78,126.29
2014-03-02 15:03:05.268265,126.11,126.53
2014-03-03 15:03:05.268265,126.27,127.47
2014-03-04 15:03:05.268265,127.17,126.38
2014-03-05 15:03:05.268265,125.25,124.46
2014-03-06 15:03:05.268265,126.46,127.31
2014-03-07 15:03:05.268265,128.42,130.05
2014-03-08 15:03:05.268265,129.79,127.69
2014-03-09 15:03:05.268265,131.26,131.15
2014-03-10 15:03:05.268265,131.46,132.74
2014-03-11 15:03:05.268265,131.96,133.32
2014-03-12 15:03:05.268265,131.84,130.15
2014-03-13 15:03:05.268265,130.52,129.8
2014-03-14 15:03:05.268265,132.84,135.38
2014-03-15 15:03:05.268265,134.49,136.67
2014-03-16 15:03:05.268265,133.59,135.29
2014-03-17 15:03:05.268265,133.92,131.48
2014-03-18 15:03:05.268265,131.88,133.5
2014-03-19 15:03:05.268265,130.87,129.77
2014-03-20 15:03:05.268265,133.47,133.74
2014-03-21 15:03:05.268265,134.55,135.08
2014-03-22 15:03:05.268265,132.01,132.38
2014-03-23 15:03:05.268265,132.92,135.36
2014-03-24 15:03:05.268265,129.25,126.79
2014-03-25 15:03:05.268265,128.2,128.98
2014-03-26 15:03:05.268265,129.27,129.18
2014-03-27 15:03:05.268265,129.26,130.46
2014-03-28 15:03:05.268265,129.51,129.81
2014-03-29 15:03:05.268265,128.31,129.56
2014-03-30 15:03:05.268265,126.43,126.32
2014-03-31 15:03:05.268265,127.57,126.25
2014-04-01 15:03:05.268265,127.37,129.39
2014-04-02 15:03:05.268265,127.62,129.35
2014-04-03 15:03:05.268265,125.58,126.49
2014-04-04 15:03:05.268265,126.28,125.3
2014-04-05 15:03:05.268265,126.6,124.55
2014-04-06 15:03:05.268265,126.46,125.86
2014-04-07 15:03:05.268265,126.87,127.74
2014-04-08 15:03:05.268265,128.39,127.38
2014-04-09 15:03:05.268265,129.15,129.2
2014-04-10 15:03:05.268265,129.69,127.68
2014-04-11 15:03:05.268265,130.22,128.41
2014-04-12 15:03:05.268265,128.05,128.72
2014-04-13 15:03:05.268265,129.54,131.48
2014-04-14 15:03:05.268265,129.28,126.96
2014-04-15 15:03:05.268265,125.18,125.16
2014-04-16 15:03:05.268265,123.37,121.66
2014-04-17 15:03:05.268265,122.48,121.11
2014-04-18 15:03:05.268265,123.42,122.8
2014-04-19 15:03:05.268265,124.89,122.83
2014-04-20 15:03:05.268265,122.0,124.04
2014-04-21 15:03:05.268265,119.76,120.19
2014-04-22 15:03:05.268265,117.9,117.39
2014-04-23 15:03:05.268265,119.17,119.48
2014-04-24 15:03:05.268265,119.63,120.56
2014-04-25 15:03:05.268265,117.91,117.99
2014-04-26 15:03:05.268265,115.54,114.5
2014-04-27 15:03:05.268265,113.57,114.82
2014-04-28 15:03:05.268265,110.79,109.95
2014-04-29 15:03:05.268265,109.85,109.05
2014-04-30 15:03:05.268265,111.33,110.86
2014-05-01 15:03:05.268265,111.03,110.43
2014-05-02 15:03:05.268265,113.66,115.89
2014-05-03 15:03:05.268265,112.53,114.51
2014-05-04 15:03:05.268265,113.0,110.96
2014-05-05 15:03:05.268265,113.88,112.23
2014-05-06 15:03:05.268265,115.25,115.76
2014-05-07 15:03:05.268265,113.15,112.45
2014-05-08 15:03:05.268265,109.49,108.66
2014-05-09 15:03:05.268265,107.86,106.96
2014-05-10 15:03:05.268265,106.02,105.62
2014-05-11 15:03:05.268265,103.33,102.58
2014-05-12 15:03:05.268265,102.62,104.38
2014-05-13 15:03:05.268265,101.56,100.37
2014-05-14 15:03:05.268265,99.41,97.55
2014-05-15 15:03:05.268265,98.7,96.73
2014-05-16 15:03:05.268265,99.43,101.16
2014-05-17 15:03:05.268265,101.36,103.01
2014-05-18 15:03:05.268265,100.87,101.57
2014-05-19 15:03:05.268265,98.81,97.47
2014-05-20 15:03:05.268265,100.61,99.06
2014-05-21 15:03:05.268265,101.17,101.24
2014-05-22 15:03:05.268265,101.64,99.87
2014-05-23 15:03:05.268265,99.68,101.56
2014-05-24 15:03:05.268265,97.97,96.59
2014-05-25 15:03:05.268265,98.55,99.8
2014-05-26 15:03:05.268265,100.89,101.66
2014-05-27 15:03:05.268265,100.09,100.81
2014-05-28 15:03:05.268265,100.3,101.97
2014-05-29 15:03:05.268265,101.82,103.07
2014-05-30 15:03:05.268265,103.4,102.04
2014-05-31 15:03:05.268265,102.06,100.95
2014-06-01 15:03:05.268265,102.38,102.61
2014-06-02 15:03:05.268265,102.38,102.95
2014-06-03 15:03:05.268265,100.35,102.2
2014-06-04 15:03:05.268265,102.29,100.28
2014-06-05 15:03:05.268265,99.92,100.47
2014-06-06 15:03:05.268265,101.26,102.36
2014-06-07 15:03:05.268265,99.17,100.32
2014-06-08 15:03:05.268265,97.93,96.68
2014-06-09 15:03:05.268265,98.11,96.61
2014-06-10 15:03:05.268265,98.28,99.42
2014-06-11 15:03:05.268265,98.16,98.24
2014-06-12 15:03:05.268265,96.25,98.1
2014-06-13 15:03:05.268265,95.55,95.08
2014-06-14 15:03:05.268265,93.72,92.44
2014-06-15 15:03:05.268265,91.26,92.23
2014-06-16 15:03:05.268265,91.21,89.77
2014-06-17 15:03:05.268265,91.29,93.02
2014-06-18 15:03:05.268265,91.18,91.4
2014-06-19 15:03:05.268265,94.11,92.66
2014-06-20 15:03:05.268265,93.28,94.46
2014-06-21 15:03:05.268265,90.83,90.62
2014-06-22 15:03:05.268265,91.04,89.66
2014-06-23 15:03:05.268265,89.13,89.76
2014-06-24 15:03:05.268265,88.75,87.29
2014-06-25 15:03:05.268265,89.09,87.5
2014-06-26 15:03:05.268265,90.08,88.63
2014-06-27 15:03:05.268265,88.25,89.83
2014-06-28 15:03:05.268265,87.96,89.33
2014-06-29 15:03:05.268265,86.42,85.13
2014-06-30 15:03:05.268265,88.68,89.81
2014-07-01 15:03:05.268265,90.92,91.47
2014-07-02 15:03:05.268265,93.75,94.95
2014-07-03 15:03:05.268265,94.59,95.1
2014-07-04 15:03:05.268265,94.52,95.71
2014-07-05 15:03:05.268265,94.12,95.07
2014-07-06 15:03:05.268265,93.45,94.68
2014-07-07 15:03:05.268265,92.71,91.65
2014-07-08 15:03:05.268265,93.97,94.58
2014-07-09 15:03:05.268265,95.18,95.4
2014-07-10 15:03:05.268265,93.6,95.18
2014-07-11 15:03:05.268265,91.08,90.56
2014-07-12 15:03:05.268265,88.56,87.34
2014-07-13 15:03:05.268265,89.13,90.11
2014-07-14 15:03:05.268265,90.27,88.48
2014-07-15 15:03:05.268265,90.51,90.86
2014-07-16 15:03:05.268265,89.82,90.42
2014-07-17 15:03:05.268265,87.86,88.69
2014-07-18 15:03:05.268265,87.62,88.66
2014-07-19 15:03:05.268265,83.97,84.88
2014-07-20 15:03:05.268265,83.99,83.69
2014-07-21 15:03:05.268265,83.81,82.25
2014-07-22 15:03:05.268265,83.07,83.66
2014-07-23 15:03:05.268265,82.29,82.19
2014-07-24 15:03:05.268265,82.7,83.93
2014-07-25 15:03:05.268265,84.02,84.34
2014-07-26 15:03:05.268265,83.99,84.86
2014-07-27 15:03:05.268265,86.3,86.19
2014-07-28 15:03:05.268265,85.24,85.8
2014-07-29 15:03:05.268265,87.35,89.03
2014-07-30 15:03:05.268265,89.93,91.39
2014-07-31 15:03:05.268265,88.75,87.46
2014-08-01 15:03:05.268265,89.57,88.77
2014-08-02 15:03:05.268265,87.33,87.61
2014-08-03 15:03:05.268265,85.91,86.06
2014-08-04 15:03:05.268265,86.46,87.56
2014-08-05 15:03:05.268265,84.94,83.7
2014-08-06 15:03:05.268265,86.96,85.44
2014-08-07 15:03:05.268265,88.2,87.99
2014-08-08 15:03:05.268265,89.12,89.74
2014-08-09 15:03:05.268265,90.76,90.28
2014-08-10 15:03:05.268265,93.73,92.26
2014-08-11 15:03:05.268265,93.31,91.77
2014-08-12 15:03:05.268265,91.92,93.22
2014-08-13 15:03:05.268265,92.98,94.7
2014-08-14 15:03:05.268265,94.41,92.92
2014-08-15 15:03:05.268265,93.26,94.45
2014-08-16 15:03:05.268265,93.4,94.9
2014-08-17 15:03:05.268265,94.48,95.49
2014-08-18 15:03:05.268265,95.01,96.08
2014-08-19 15:03:05.268265,95.47,96.34
2014-08-20 15:03:05.268265,95.86,96.26
2014-08-21 15:03:05.268265,95.31,94.22
2014-08-22 15:03:05.268265,95.11,93.77
2014-08-23 15:03:05.268265,95.52,94.78
2014-08-24 15:03:05.268265,95.91,96.36
2014-08-25 15:03:05.268265,98.61,99.88
2014-08-26 15:03:05.268265,98.45,99.57
2014-08-27 15:03:05.268265,95.09,96.97
2014-08-28 15:03:05.268265,94.61,96.0
2014-08-29 15:03:05.268265,93.89,94.34
2014-08-30 15:03:05.268265,94.41,94.91
2014-08-31 15:03:05.268265,92.34,91.86
2014-09-01 15:03:05.268265,90.47,90.95
2014-09-02 15:03:05.268265,92.25,92.66
2014-09-03 15:03:05.268265,90.56,92.17
2014-09-04 15:03:05.268265,88.66,89.05
2014-09-05 15:03:05.268265,88.59,89.03
2014-09-06 15:03:05.268265,87.37,85.98
2014-09-07 15:03:05.268265,86.95,85.92
2014-09-08 15:03:05.268265,88.25,89.35
2014-09-09 15:03:05.268265,90.56,91.85
2014-09-10 15:03:05.268265,89.98,89.05
2014-09-11 15:03:05.268265,91.41,89.73
2014-09-12 15:03:05.268265,90.33,89.14
2014-09-13 15:03:05.268265,91.13,91.16
2014-09-14 15:03:05.268265,90.2,89.37
2014-09-15 15:03:05.268265,91.16,92.51
2014-09-16 15:03:05.268265,91.08,90.26
2014-09-17 15:03:05.268265,91.07,92.61
2014-09-18 15:03:05.268265,92.04,93.68
2014-09-19 15:03:05.268265,93.0,92.64
2014-09-20 15:03:05.268265,92.19,93.12
2014-09-21 15:03:05.268265,92.52,93.01
2014-09-22 15:03:05.268265,93.62,92.83
2014-09-23 15:03:05.268265,93.9,95.68
2014-09-24 15:03:05.268265,91.35,90.3
2014-09-25 15:03:05.268265,89.78,88.76
2014-09-26 15:03:05.268265,90.24,88.89
2014-09-27 15:03:05.268265,89.63,91.27
2014-09-28 15:03:05.268265,90.62,90.41
2014-09-29 15:03:05.268265,88.71,87.76
2014-09-30 15:03:05.268265,89.57,91.35
2014-10-01 15:03:05.268265,88.53,88.56
2014-10-02 15:03:05.268265,87.89,86.39
2014-10-03 15:03:05.268265,87.59,88.69
2014-10-04 15:03:05.268265,88.04,86.96
2014-10-05 15:03:05.268265,86.9,88.38
2014-10-06 15:03:05.268265,86.16,86.43
2014-10-07 15:03:05.268265,84.98,83.29
2014-10-08 15:03:05.268265,85.98,85.9
2014-10-09 15:03:05.268265,86.09,86.77
2014-10-10 15:03:05.268265,85.09,86.43
2014-10-11 15:03:05.268265,83.05,84.43
2014-10-12 15:03:05.268265,83.45,82.06
2014-10-13 15:03:05.268265,84.07,84.48
2014-10-14 15:03:05.268265,87.01,87.34
2014-10-15 15:03:05.268265,88.34,88.51
2014-10-16 15:03:05.268265,86.62,85.73
2014-10-17 15:03:05.268265,84.84,84.48
2014-10-18 15:03:05.268265,82.4,80.88
2014-10-19 15:03:05.268265,82.97,83.57
2014-10-20 15:03:05.268265,83.02,81.54
2014-10-21 15:03:05.268265,83.02,82.14
2014-10-22 15:03:05.268265,84.72,85.56
2014-10-23 15:03:05.268265,86.8,87.64
2014-10-24 15:03:05.268265,86.11,86.66
2014-10-25 15:03:05.268265,86.13,85.2
2014-10-26 15:03:05.268265,84.95,85.85
2014-10-27 15:03:05.268265,84.28,82.96
2014-10-28 15:03:05.268265,83.61,84.96
2014-10-29 15:03:05.268265,85.72,85.04
2014-10-30 15:03:05.268265,83.58,84.52
2014-10-31 15:03:05.268265,85.45,84.18
2014-11-01 15:03:05.268265,82.88,82.38
2014-11-02 15:03:05.268265,83.48,82.44
2014-11-03 15:03:05.268265,82.17,82.26
2014-11-04 15:03:05.268265,85.45,87.14
2014-11-05 15:03:05.268265,86.23,84.56
2014-11-06 15:03:05.268265,86.69,87.77
2014-11-07 15:03:05.268265,86.54,85.88
2014-11-08 15:03:05.268265,86.62,84.96
2014-11-09 15:03:05.268265,85.33,83.91
2014-11-10 15:03:05.268265,85.29,85.54
2014-11-11 15:03:05.268265,83.4,82.17
2014-11-12 15:03:05.268265,85.83,86.19
2014-11-13 15:03:05.268265,87.14,85.88
2014-11-14 15:03:05.268265,84.19,85.72
2014-11-15 15:03:05.268265,81.65,80.35
2014-11-16 15:03:05.268265,77.71,76.34
2014-11-17 15:03:05.268265,76.54,75.96
2014-11-18 15:03:05.268265,78.5,79.38
2014-11-19 15:03:05.268265,78.49,77.14
2014-11-20 15:03:05.268265,78.18,79.71
2014-11-21 15:03:05.268265,77.0,77.08
2014-11-22 15:03:05.268265,75.88,75.53
2014-11-23 15:03:05.268265,77.54,78.34
2014-11-24 15:03:05.268265,76.29,75.05
2014-11-25 15:03:05.268265,77.94,78.76
2014-11-26 15:03:05.268265,77.71,78.47
2014-11-27 15:03:05.268265,77.89,77.15
2014-11-28 15:03:05.268265,78.27,79.3
2014-11-29 15:03:05.268265,76.41,75.64
2014-11-30 15:03:05.268265,75.76,76.36
2014-12-01 15:03:05.268265,75.59,74.08
2014-12-02 15:03:05.268265,75.24,76.66
2014-12-03 15:03:05.268265,75.75,77.26
2014-12-04 15:03:05.268265,73.92,75.0
2014-12-05 15:03:05.268265,74.21,73.69
2014-12-06 15:03:05.268265,72.92,72.46
2014-12-07 15:03:05.268265,73.11,73.04
2014-12-08 15:03:05.268265,72.0,71.03
2014-12-09 15:03:05.268265,70.79,70.32
2014-12-10 15:03:05.268265,71.77,72.98
2014-12-11 15:03:05.268265,70.65,71.43
2014-12-12 15:03:05.268265,70.29,69.3
2014-12-13 15:03:05.268265,70.82,70.99
2014-12-14 15:03:05.268265,71.41,69.99
2014-12-15 15:03:05.268265,70.61,70.06
2014-12-16 15:03:05.268265,71.23,70.17
2014-12-17 15:03:05.268265,72.95,74.13
2014-12-18 15:03:05.268265,72.79,72.69
2014-12-19 15:03:05.268265,72.39,71.64
2014-12-20 15:03:05.268265,77.19,77.41
2014-12-21 15:03:05.268265,77.1,76.52
2014-12-22 15:03:05.268265,80.27,79.34
2014-12-23 15:03:05.268265,78.3,79.15
2014-12-24 15:03:05.268265,78.64,78.73
2014-12-25 15:03:05.268265,79.36,79.0
2014-12-26 15:03:05.268265,77.84,78.68
2014-12-27 15:03:05.268265,79.35,77.89
2014-12-28 15:03:05.268265,81.27,82.46
2014-12-29 15:03:05.268265,79.32,79.52
2014-12-30 15:03:05.268265,81.8,83.31
2014-12-31 15:03:05.268265,79.2,78.17
2015-01-01 15:03:05.268265,78.79,78.66
2015-01-02 15:03:05.268265,75.22,76.22
2015-01-03 15:03:05.268265,75.51,75.02
2015-01-04 15:03:05.268265,73.9,73.99
2015-01-05 15:03:05.268265,75.43,75.64
2015-01-06 15:03:05.268265,75.43,76.7
2015-01-07 15:03:05.268265,76.22,77.4
2015-01-08 15:03:05.268265,78.82,77.49
2015-01-09 15:03:05.268265,78.78,79.91
2015-01-10 15:03:05.268265,79.21,80.64
2015-01-11 15:03:05.268265,76.43,75.81
2015-01-12 15:03:05.268265,76.46,75.63
2015-01-13 15:03:05.268265,75.67,74.65
2015-01-14 15:03:05.268265,74.93,76.25
2015-01-15 15:03:05.268265,72.5,71.8
2015-01-16 15:03:05.268265,72.21,71.62
2015-01-17 15:03:05.268265,72.77,72.56
2015-01-18 15:03:05.268265,72.75,72.38
2015-01-19 15:03:05.268265,73.73,75.09
2015-01-20 15:03:05.268265,73.11,72.75
2015-01-21 15:03:05.268265,72.49,71.44
2015-01-22 15:03:05.268265,69.72,68.53
2015-01-23 15:03:05.268265,67.87,68.2
2015-01-24 15:03:05.268265,68.49,69.28
2015-01-25 15:03:05.268265,67.64,68.57
2015-01-26 15:03:05.268265,69.25,69.94
2015-01-27 15:03:05.268265,66.68,65.51
2015-01-28 15:03:05.268265,68.78,68.61
2015-01-29 15:03:05.268265,68.98,67.72
2015-01-30 15:03:05.268265,68.43,68.16
2015-01-31 15:03:05.268265,68.46,69.32
2015-02-01 15:03:05.268265,69.16,67.8
2015-02-02 15:03:05.268265,69.65,70.79
2015-02-03 15:03:05.268265,68.13,67.29
2015-02-04 15:03:05.268265,65.38,64.6
2015-02-05 15:03:05.268265,65.28,65.81
2015-02-06 15:03:05.268265,65.05,66.25
2015-02-07 15:03:05.268265,63.69,64.08
2015-02-08 15:03:05.268265,64.15,65.0
2015-02-09 15:03:05.268265,62.55,62.95
2015-02-10 15:03:05.268265,61.68,62.69
2015-02-11 15:03:05.268265,59.87,59.52
2015-02-12 15:03:05.268265,57.72,58.65
2015-02-13 15:03:05.268265,57.26,57.18
2015-02-14 15:03:05.268265,57.82,58.37
2015-02-15 15:03:05.268265,59.24,59.21
2015-02-16 15:03:05.268265,62.14,63.27
2015-02-17 15:03:05.268265,64.15,65.01
2015-02-18 15:03:05.268265,64.19,65.23
2015-02-19 15:03:05.268265,61.1,60.12
2015-02-20 15:03:05.268265,61.21,60.84
2015-02-21 15:03:05.268265,61.12,61.77
2015-02-22 15:03:05.268265,62.2,63.0
2015-02-23 15:03:05.268265,65.47,65.06
2015-02-24 15:03:05.268265,65.1,65.93
2015-02-25 15:03:05.268265,65.97,66.71
2015-02-26 15:03:05.268265,66.32,66.72
2015-02-27 15:03:05.268265,66.64,65.97
2015-02-28 15:03:05.268265,64.8,64.74
2015-03-01 15:03:05.268265,65.24,64.4
2015-03-02 15:03:05.268265,66.67,67.96
2015-03-03 15:03:05.268265,69.35,70.35
2015-03-04 15:03:05.268265,68.04,69.28
2015-03-05 15:03:05.268265,69.01,68.81
2015-03-06 15:03:05.268265,71.87,70.99
2015-03-07 15:03:05.268265,74.47,74.3
2015-03-08 15:03:05.268265,74.35,73.35
2015-03-09 15:03:05.268265,71.42,72.28
2015-03-10 15:03:05.268265,70.12,70.06
2015-03-11 15:03:05.268265,68.18,69.3
2015-03-12 15:03:05.268265,68.83,68.14
2015-03-13 15:03:05.268265,70.09,69.83
2015-03-14 15:03:05.268265,68.88,68.7
2015-03-15 15:03:05.268265,69.99,70.27
2015-03-16 15:03:05.268265,71.79,70.5
2015-03-17 15:03:05.268265,71.61,70.78
2015-03-18 15:03:05.268265,73.72,73.4
2015-03-19 15:03:05.268265,75.11,75.04
2015-03-20 15:03:05.268265,76.93,76.25
2015-03-21 15:03:05.268265,75.92,76.27
2015-03-22 15:03:05.268265,77.39,75.95
2015-03-23 15:03:05.268265,78.12,78.48
2015-03-24 15:03:05.268265,80.93,79.32
2015-03-25 15:03:05.268265,81.17,80.81
2015-03-26 15:03:05.268265,78.33,76.8
2015-03-27 15:03:05.268265,76.85,78.22
2015-03-28 15:03:05.268265,75.12,75.43
2015-03-29 15:03:05.268265,75.77,77.06
2015-03-30 15:03:05.268265,75.55,76.15
2015-03-31 15:03:05.268265,76.77,77.98
2015-04-01 15:03:05.268265,76.06,75.42
2015-04-02 15:03:05.268265,73.86,73.01
2015-04-03 15:03:05.268265,72.24,72.41
2015-04-04 15:03:05.268265,72.66,72.92
2015-04-05 15:03:05.268265,71.68,70.34
2015-04-06 15:03:05.268265,74.22,73.91
2015-04-07 15:03:05.268265,74.6,75.03
2015-04-08 15:03:05.268265,72.63,73.86
2015-04-09 15:03:05.268265,74.2,74.56
2015-04-10 15:03:05.268265,75.78,75.97
2015-04-11 15:03:05.268265,76.69,76.46
2015-04-12 15:03:05.268265,76.32,77.31
2015-04-13 15:03:05.268265,75.35,76.17
2015-04-14 15:03:05.268265,73.91,74.48
2015-04-15 15:03:05.268265,72.29,72.82
2015-04-16 15:03:05.268265,73.07,72.14
2015-04-17 15:03:05.268265,73.26,71.99
2015-04-18 15:03:05.268265,74.23,74.92
2015-04-19 15:03:05.268265,73.19,72.09
2015-04-20 15:03:05.268265,72.4,71.63
2015-04-21 15:03:05.268265,73.26,73.55
2015-04-22 15:03:05.268265,73.66,73.68
2015-04-23 15:03:05.268265,75.59,76.9
2015-04-24 15:03:05.268265,77.59,76.88
2015-04-25 15:03:05.268265,78.06,78.97
2015-04-26 15:03:05.268265,78.22,78.05
2015-04-27 15:03:05.268265,78.49,78.39
2015-04-28 15:03:05.268265,81.26,80.09
2015-04-29 15:03:05.268265,82.07,81.41
2015-04-30 15:03:05.268265,84.12,83.97
2015-05-01 15:03:05.268265,84.02,84.11
2015-05-02 15:03:05.268265,86.23,84.57
2015-05-03 15:03:05.268265,86.15,85.48
2015-05-04 15:03:05.268265,83.81,83.56
2015-05-05 15:03:05.268265,85.04,83.98
2015-05-06 15:03:05.268265,86.09,85.69
2015-05-07 15:03:05.268265,86.5,86.8
2015-05-08 15:03:05.268265,85.39,87.04
2015-05-09 15:03:05.268265,85.08,83.92
2015-05-10 15:03:05.268265,84.23,84.36
2015-05-11 15:03:05.268265,84.0,84.44
2015-05-12 15:03:05.268265,83.99,84.09
2015-05-13 15:03:05.268265,82.65,83.92
2015-05-14 15:03:05.268265,82.05,81.05
2015-05-15 15:03:05.268265,85.35,87.05
2015-05-16 15:03:05.268265,86.65,86.66
2015-05-17 15:03:05.268265,85.79,85.09
2015-05-18 15:03:05.268265,88.12,86.78
2015-05-19 15:03:05.268265,86.86,88.06
2015-05-20 15:03:05.268265,88.45,87.15
2015-05-21 15:03:05.268265,89.76,88.15
2015-05-22 15:03:05.268265,89.88,88.44
2015-05-23 15:03:05.268265,89.15,88.93
2015-05-24 15:03:05.268265,89.51,88.37
2015-05-25 15:03:05.268265,90.18,90.79
2015-05-26 15:03:05.268265,91.43,92.03
2015-05-27 15:03:05.268265,90.19,91.74
2015-05-28 15:03:05.268265,91.34,89.55
2015-05-29 15:03:05.268265,89.57,90.77
2015-05-30 15:03:05.268265,90.98,91.28
2015-05-31 15:03:05.268265,89.53,87.79
2015-06-01 15:03:05.268265,88.5,89.03
2015-06-02 15:03:05.268265,87.47,89.07
2015-06-03 15:03:05.268265,87.27,88.96
2015-06-04 15:03:05.268265,86.32,84.61
2015-06-05 15:03:05.268265,84.43,83.4
2015-06-06 15:03:05.268265,83.84,82.54
2015-06-07 15:03:05.268265,83.67,82.97
2015-06-08 15:03:05.268265,83.74,83.31
2015-06-09 15:03:05.268265,83.98,82.69
2015-06-10 15:03:05.268265,83.04,82.92
2015-06-11 15:03:05.268265,82.13,81.17
2015-06-12 15:03:05.268265,82.13,82.57
2015-06-13 15:03:05.268265,81.79,81.67
2015-06-14 15:03:05.268265,79.58,81.03
2015-06-15 15:03:05.268265,79.86,78.27
2015-06-16 15:03:05.268265,79.84,80.03
2015-06-17 15:03:05.268265,80.16,81.12
2015-06-18 15:03:05.268265,82.1,81.99
2015-06-19 15:03:05.268265,83.67,85.06
2015-06-20 15:03:05.268265,83.05,82.17
2015-06-21 15:03:05.268265,83.69,84.99
2015-06-22 15:03:05.268265,83.98,82.74
2015-06-23 15:03:05.268265,82.17,81.12
2015-06-24 15:03:05.268265,82.94,82.03
2015-06-25 15:03:05.268265,83.68,85.03
2015-06-26 15:03:05.268265,82.93,83.68
2015-06-27 15:03:05.268265,84.43,84.34
2015-06-28 15:03:05.268265,86.01,87.35
2015-06-29 15:03:05.268265,85.55,86.13
2015-06-30 15:03:05.268265,84.45,86.0
2015-07-01 15:03:05.268265,84.16,84.66
2015-07-02 15:03:05.268265,85.27,85.42
2015-07-03 15:03:05.268265,83.82,83.57
2015-07-04 15:03:05.268265,83.6,84.34
2015-07-05 15:03:05.268265,82.84,84.45
2015-07-06 15:03:05.268265,80.83,80.2
2015-07-07 15:03:05.268265,80.56,80.61
2015-07-08 15:03:05.268265,82.73,83.1
2015-07-09 15:03:05.268265,80.68,80.18
2015-07-10 15:03:05.268265,81.25,82.2
2015-07-11 15:03:05.268265,78.1,78.45
2015-07-12 15:03:05.268265,78.14,76.97
2015-07-13 15:03:05.268265,81.21,82.52
2015-07-14 15:03:05.268265,80.59,81.09
2015-07-15 15:03:05.268265,81.51,81.67
2015-07-16 15:03:05.268265,84.12,84.25
2015-07-17 15:03:05.268265,84.64,86.12
2015-07-18 15:03:05.268265,85.57,84.61
2015-07-19 15:03:05.268265,83.96,83.89
2015-07-20 15:03:05.268265,85.61,84.73
2015-07-21 15:03:05.268265,84.3,82.96
2015-07-22 15:03:05.268265,85.13,83.47
2015-07-23 15:03:05.268265,84.75,84.28
2015-07-24 15:03:05.268265,83.17,83.58
2015-07-25 15:03:05.268265,82.23,81.95
2015-07-26 15:03:05.268265,82.63,83.3
2015-07-27 15:03:05.268265,82.08,81.21
2015-07-28 15:03:05.268265,81.38,81.7
2015-07-29 15:03:05.268265,80.91,80.16
2015-07-30 15:03:05.268265,80.07,79.11
2015-07-31 15:03:05.268265,80.82,80.31
2015-08-01 15:03:05.268265,81.85,81.36
2015-08-02 15:03:05.268265,84.25,84.17
2015-08-03 15:03:05.268265,84.81,83.67
2015-08-04 15:03:05.268265,82.4,82.26
2015-08-05 15:03:05.268265,81.0,81.79
2015-08-06 15:03:05.268265,82.89,84.1
2015-08-07 15:03:05.268265,81.49,80.31
2015-08-08 15:03:05.268265,81.79,82.15
2015-08-09 15:03:05.268265,81.99,82.03
2015-08-10 15:03:05.268265,78.67,77.26
2015-08-11 15:03:05.268265,78.05,79.0
2015-08-12 15:03:05.268265,78.01,78.87
2015-08-13 15:03:05.268265,79.58,80.21
2015-08-14 15:03:05.268265,78.02,79.19
2015-08-15 15:03:05.268265,77.67,79.01
2015-08-16 15:03:05.268265,76.01,74.61
2015-08-17 15:03:05.268265,76.47,75.33
2015-08-18 15:03:05.268265,76.97,75.66
2015-08-19 15:03:05.268265,76.54,77.1
2015-08-20 15:03:05.268265,76.08,76.85
2015-08-21 15:03:05.268265,75.49,74.82
2015-08-22 15:03:05.268265,79.65,80.87
2015-08-23 15:03:05.268265,79.88,80.94
2015-08-24 15:03:05.268265,81.76,82.29
2015-08-25 15:03:05.268265,82.22,83.11
2015-08-26 15:03:05.268265,81.35,80.79
2015-08-27 15:03:05.268265,80.77,81.99
2015-08-28 15:03:05.268265,79.66,79.61
2015-08-29 15:03:05.268265,78.19,78.7
2015-08-30 15:03:05.268265,79.73,78.41
2015-08-31 15:03:05.268265,80.2,81.38
2015-09-01 15:03:05.268265,79.93,80.22
2015-09-02 15:03:05.268265,80.58,82.15
2015-09-03 15:03:05.268265,78.95,80.33
2015-09-04 15:03:05.268265,77.79,76.98
2015-09-05 15:03:05.268265,75.78,76.69
2015-09-06 15:03:05.268265,76.57,77.17
2015-09-07 15:03:05.268265,76.37,76.43
2015-09-08 15:03:05.268265,74.43,75.88
2015-09-09 15:03:05.268265,73.45,73.45
2015-09-10 15:03:05.268265,72.7,73.32
2015-09-11 15:03:05.268265,73.96,73.68
2015-09-12 15:03:05.268265,73.73,72.35
2015-09-13 15:03:05.268265,72.75,74.09
2015-09-14 15:03:05.268265,71.6,72.79
2015-09-15 15:03:05.268265,68.78,68.4
2015-09-16 15:03:05.268265,70.03,70.38
2015-09-17 15:03:05.268265,71.72,72.68
2015-09-18 15:03:05.268265,72.07,73.33
2015-09-19 15:03:05.268265,72.09,71.99
2015-09-20 15:03:05.268265,71.29,71.93
2015-09-21 15:03:05.268265,74.63,74.86
2015-09-22 15:03:05.268265,71.2,71.6
2015-09-23 15:03:05.268265,72.4,71.75
2015-09-24 15:03:05.268265,72.05,72.99
2015-09-25 15:03:05.268265,70.75,71.82
2015-09-26 15:03:05.268265,69.91,69.46
2015-09-27 15:03:05.268265,70.67,69.85
2015-09-28 15:03:05.268265,69.76,70.32
2015-09-29 15:03:05.268265,69.98,68.95
2015-09-30 15:03:05.268265,69.03,68.88
2015-10-01 15:03:05.268265,69.71,69.68
2015-10-02 15:03:05.268265,69.22,68.7
2015-10-03 15:03:05.268265,69.88,69.45
2015-10-04 15:03:05.268265,68.62,69.37
2015-10-05 15:03:05.268265,68.43,67.71
2015-10-06 15:03:05.268265,66.01,67.03
2015-10-07 15:03:05.268265,62.38,63.48
2015-10-08 15:03:05.268265,62.8,62.32
2015-10-09 15:03:05.268265,62.17,63.18
2015-10-10 15:03:05.268265,62.95,62.54
2015-10-11 15:03:05.268265,63.46,64.58
2015-10-12 15:03:05.268265,63.73,64.59
2015-10-13 15:03:05.268265,62.05,62.2
2015-10-14 15:03:05.268265,64.43,65.26
2015-10-15 15:03:05.268265,64.83,65.7
2015-10-16 15:03:05.268265,66.65,65.54
2015-10-17 15:03:05.268265,65.49,66.07
2015-10-18 15:03:05.268265,65.28,64.79
2015-10-19 15:03:05.268265,65.71,66.31
2015-10-20 15:03:05.268265,65.96,66.01
2015-10-21 15:03:05.268265,64.74,65.67
2015-10-22 15:03:05.268265,64.33,64.0
2015-10-23 15:03:05.268265,65.21,65.6
2015-10-24 15:03:05.268265,64.84,63.73
2015-10-25 15:03:05.268265,65.0,65.8
2015-10-26 15:03:05.268265,63.81,63.26
2015-10-27 15:03:05.268265,61.8,62.98
2015-10-28 15:03:05.268265,62.49,63.53
2015-10-29 15:03:05.268265,63.91,64.56
2015-10-30 15:03:05.268265,66.05,66.67
2015-10-31 15:03:05.268265,66.54,66.37
2015-11-01 15:03:05.268265,63.83,63.25
2015-11-02 15:03:05.268265,64.64,64.01
2015-11-03 15:03:05.268265,65.1,64.75
2015-11-04 15:03:05.268265,65.66,65.75
2015-11-05 15:03:05.268265,64.38,64.63
2015-11-06 15:03:05.268265,62.59,62.86
2015-11-07 15:03:05.268265,63.18,63.67
2015-11-08 15:03:05.268265,63.57,64.05
2015-11-09 15:03:05.268265,62.46,61.49
2015-11-10 15:03:05.268265,62.55,62.86
2015-11-11 15:03:05.268265,62.41,61.64
2015-11-12 15:03:05.268265,64.36,64.42
2015-11-13 15:03:05.268265,64.18,63.4
2015-11-14 15:03:05.268265,62.9,62.4
2015-11-15 15:03:05.268265,63.28,64.4
2015-11-16 15:03:05.268265,61.71,62.11
2015-11-17 15:03:05.268265,62.93,62.26
2015-11-18 15:03:05.268265,64.34,64.34
2015-11-19 15:03:05.268265,67.42,68.63
2015-11-20 15:03:05.268265,68.44,67.74
2015-11-21 15:03:05.268265,68.43,68.14
2015-11-22 15:03:05.268265,68.47,68.94
2015-11-23 15:03:05.268265,66.22,65.28
2015-11-24 15:03:05.268265,67.62,66.85
2015-11-25 15:03:05.268265,68.04,67.99
2015-11-26 15:03:05.268265,66.36,65.53
2015-11-27 15:03:05.268265,63.73,64.88
2015-11-28 15:03:05.268265,64.9,65.42
2015-11-29 15:03:05.268265,66.9,68.13
2015-11-30 15:03:05.268265,67.26,67.15
2015-12-01 15:03:05.268265,66.83,67.31
2015-12-02 15:03:05.268265,67.03,66.59
2015-12-03 15:03:05.268265,65.02,65.19
2015-12-04 15:03:05.268265,64.94,64.5
2015-12-05 15:03:05.268265,63.94,63.17
2015-12-06 15:03:05.268265,63.42,62.2
2015-12-07 15:03:05.268265,61.6,60.76
2015-12-08 15:03:05.268265,61.79,62.59
2015-12-09 15:03:05.268265,60.72,61.73
2015-12-10 15:03:05.268265,61.02,60.11
2015-12-11 15:03:05.268265,61.78,61.67
2015-12-12 15:03:05.268265,63.66,62.42
2015-12-13 15:03:05.268265,63.09,64.29
2015-12-14 15:03:05.268265,64.74,64.38
2015-12-15 15:03:05.268265,66.3,65.84
2015-12-16 15:03:05.268265,65.03,64.67
2015-12-17 15:03:05.268265,64.33,65.2
2015-12-18 15:03:05.268265,63.46,64.59
2015-12-19 15:03:05.268265,60.61,61.69
2015-12-20 15:03:05.268265,59.62,59.45
2015-12-21 15:03:05.268265,60.06,60.18
2015-12-22 15:03:05.268265,59.29,58.12
2015-12-23 15:03:05.268265,58.0,58.79
2015-12-24 15:03:05.268265,56.9,55.92
2015-12-25 15:03:05.268265,55.39,55.34
2015-12-26 15:03:05.268265,57.13,58.04
2015-12-27 15:03:05.268265,57.53,57.44
2015-12-28 15:03:05.268265,56.82,56.15
2015-12-29 15:03:05.268265,58.89,58.98
2015-12-30 15:03:05.268265,57.51,56.7
2015-12-31 15:03:05.268265,55.92,55.0
2016-01-01 15:03:05.268265,53.34,54.31
2016-01-02 15:03:05.268265,56.45,56.06
2016-01-03 15:03:05.268265,57.64,57.86
2016-01-04 15:03:05.268265,55.48,56.48
2016-01-05 15:03:05.268265,56.93,57.79
2016-01-06 15:03:05.268265,57.15,57.07
2016-01-07 15:03:05.268265,58.01,58.75
2016-01-08 15:03:05.268265,57.4,56.89
2016-01-09 15:03:05.268265,59.01,59.92
2016-01-10 15:03:05.268265,60.22,60.95
2016-01-11 15:03:05.268265,59.73,58.89
2016-01-12 15:03:05.268265,58.67,57.77
2016-01-13 15:03:05.268265,58.97,59.45
2016-01-14 15:03:05.268265,59.1,58.4
2016-01-15 15:03:05.268265,57.01,57.6
2016-01-16 15:03:05.268265,57.5,57.58
2016-01-17 15:03:05.268265,55.7,54.73
2016-01-18 15:03:05.268265,54.49,54.83
2016-01-19 15:03:05.268265,53.55,52.57
2016-01-20 15:03:05.268265,55.01,55.68
2016-01-21 15:03:05.268265,55.28,54.91
2016-01-22 15:03:05.268265,56.27,55.5
2016-01-23 15:03:05.268265,55.69,56.23
2016-01-24 15:03:05.268265,58.42,59.22
2016-01-25 15:03:05.268265,58.12,58.4
2016-01-26 15:03:05.268265,58.71,57.54
2016-01-27 15:03:05.268265,60.83,61.31
2016-01-28 15:03:05.268265,63.26,64.14
2016-01-29 15:03:05.268265,62.76,63.36
2016-01-30 15:03:05.268265,60.23,60.93
2016-01-31 15:03:05.268265,59.65,59.42
2016-02-01 15:03:05.268265,59.51,58.97
2016-02-02 15:03:05.268265,59.76,60.83
2016-02-03 15:03:05.268265,61.92,60.85
2016-02-04 15:03:05.268265,61.6,61.25
2016-02-05 15:03:05.268265,60.59,60.16
2016-02-06 15:03:05.268265,59.15,60.17
2016-02-07 15:03:05.268265,57.64,58.31
2016-02-08 15:03:05.268265,59.33,59.09
2016-02-09 15:03:05.268265,60.22,59.22
2016-02-10 15:03:05.268265,62.39,63.2
2016-02-11 15:03:05.268265,60.57,59.97
2016-02-12 15:03:05.268265,59.34,60.33
2016-02-13 15:03:05.268265,57.21,56.8
2016-02-14 15:03:05.268265,56.73,56.72
2016-02-15 15:03:05.268265,56.54,55.44
2016-02-16 15:03:05.268265,54.75,54.9
2016-02-17 15:03:05.268265,53.42,53.04
2016-02-18 15:03:05.268265,57.67,57.87
2016-02-19 15:03:05.268265,55.73,56.74
2016-02-20 15:03:05.268265,52.89,52.38
2016-02-21 15:03:05.268265,52.33,52.79
2016-02-22 15:03:05.268265,53.97,54.42
2016-02-23 15:03:05.268265,54.88,55.59
2016-02-24 15:03:05.268265,55.34,56.01
2016-02-25 15:03:05.268265,55.27,55.15
2016-02-26 15:03:05.268265,56.94,57.33
2016-02-27 15:03:05.268265,53.38,53.25
2016-02-28 15:03:05.268265,52.33,51.96
2016-02-29 15:03:05.268265,54.07,55.1
2016-03-01 15:03:05.268265,52.0,52.96
2016-03-02 15:03:05.268265,50.76,50.05
2016-03-03 15:03:05.268265,51.48,50.92
2016-03-04 15:03:05.268265,50.31,50.12
2016-03-05 15:03:05.268265,50.41,50.77
2016-03-06 15:03:05.268265,50.67,50.36
2016-03-07 15:03:05.268265,51.57,52.03
2016-03-08 15:03:05.268265,52.15,52.48
2016-03-09 15:03:05.268265,51.64,51.18
2016-03-10 15:03:05.268265,50.82,50.16
2016-03-11 15:03:05.268265,51.42,51.69
2016-03-12 15:03:05.268265,52.4,52.96
2016-03-13 15:03:05.268265,54.82,55.67
2016-03-14 15:03:05.268265,55.35,56.35
2016-03-15 15:03:05.268265,56.09,55.08
2016-03-16 15:03:05.268265,53.82,54.74
2016-03-17 15:03:05.268265,52.65,52.6
2016-03-18 15:03:05.268265,51.6,50.67
2016-03-19 15:03:05.268265,51.97,51.15
2016-03-20 15:03:05.268265,51.28,52.02
2016-03-21 15:03:05.268265,50.97,50.84
2016-03-22 15:03:05.268265,53.14,53.22
2016-03-23 15:03:05.268265,54.48,53.9
2016-03-24 15:03:05.268265,55.43,55.83
2016-03-25 15:03:05.268265,53.57,54.02
2016-03-26 15:03:05.268265,55.9,55.43
2016-03-27 15:03:05.268265,56.16,56.26
2016-03-28 15:03:05.268265,57.24,57.68
2016-03-29 15:03:05.268265,61.11,62.13
2016-03-30 15:03:05.268265,60.28,61.07
2016-03-31 15:03:05.268265,58.12,57.07
2016-04-01 15:03:05.268265,57.26,57.69
2016-04-02 15:03:05.268265,59.5,59.33
2016-04-03 15:03:05.268265,57.63,57.12
2016-04-04 15:03:05.268265,58.18,57.83
2016-04-05 15:03:05.268265,58.43,59.18
2016-04-06 15:03:05.268265,60.06,59.36
2016-04-07 15:03:05.268265,63.04,64.11
2016-04-08 15:03:05.268265,65.81,66.16
2016-04-09 15:03:05.268265,68.04,68.98
2016-04-10 15:03:05.268265,66.09,66.97
2016-04-11 15:03:05.268265,64.6,64.1
2016-04-12 15:03:05.268265,63.42,63.69
2016-04-13 15:03:05.268265,63.11,61.9
2016-04-14 15:03:05.268265,63.79,63.3
2016-04-15 15:03:05.268265,63.68,63.98
2016-04-16 15:03:05.268265,63.8,63.87
2016-04-17 15:03:05.268265,64.93,63.67
2016-04-18 15:03:05.268265,65.63,66.45
2016-04-19 15:03:05.268265,66.26,65.58
2016-04-20 15:03:05.268265,62.83,63.06
2016-04-21 15:03:05.268265,61.61,62.12
2016-04-22 15:03:05.268265,61.29,60.7
2016-04-23 15:03:05.268265,59.34,59.12
2016-04-24 15:03:05.268265,59.5,60.4
2016-04-25 15:03:05.268265,58.71,59.15
2016-04-26 15:03:05.268265,60.1,60.79
2016-04-27 15:03:05.268265,63.79,63.67
2016-04-28 15:03:05.268265,64.17,64.46
2016-04-29 15:03:05.268265,64.34,64.97
2016-04-30 15:03:05.268265,65.56,65.2
2016-05-01 15:03:05.268265,62.51,62.02
2016-05-02 15:03:05.268265,61.15,60.01
2016-05-03 15:03:05.268265,60.31,60.09
2016-05-04 15:03:05.268265,60.91,61.13
2016-05-05 15:03:05.268265,61.98,61.42
2016-05-06 15:03:05.268265,61.84,62.13
2016-05-07 15:03:05.268265,61.47,61.34
2016-05-08 15:03:05.268265,63.62,63.74
2016-05-09 15:03:05.268265,62.11,62.27
2016-05-10 15:03:05.268265,62.66,62.6
2016-05-11 15:03:05.268265,64.58,65.23
2016-05-12 15:03:05.268265,64.86,64.47
2016-05-13 15:03:05.268265,66.14,65.19
2016-05-14 15:03:05.268265,64.66,63.69
2016-05-15 15:03:05.268265,63.74,63.12
2016-05-16 15:03:05.268265,63.19,63.15
2016-05-17 15:03:05.268265,62.88,63.42
2016-05-18 15:03:05.268265,63.67,63.16
2016-05-19 15:03:05.268265,62.04,63.06
2016-05-20 15:03:05.268265,64.87,63.67
2016-05-21 15:03:05.268265,65.9,65.05
2016-05-22 15:03:05.268265,67.32,66.74
2016-05-23 15:03:05.268265,66.21,67.33
2016-05-24 15:03:05.268265,67.1,66.79
2016-05-25 15:03:05.268265,66.29,65.68
2016-05-26 15:03:05.268265,65.26,64.85
2016-05-27 15:03:05.268265,61.59,60.49
2016-05-28 15:03:05.268265,59.73,59.14
2016-05-29 15:03:05.268265,59.9,60.83
2016-05-30 15:03:05.268265,57.71,57.97
2016-05-31 15:03:05.268265,57.07,57.69
2016-06-01 15:03:05.268265,55.24,55.77
2016-06-02 15:03:05.268265,54.62,54.08
2016-06-03 15:03:05.268265,55.89,54.97
2016-06-04 15:03:05.268265,55.26,55.52
2016-06-05 15:03:05.268265,54.86,54.73
2016-06-06 15:03:05.268265,54.58,53.94
2016-06-07 15:03:05.268265,54.08,53.97
2016-06-08 15:03:05.268265,54.74,54.35
2016-06-09 15:03:05.268265,55.71,54.68
2016-06-10 15:03:05.268265,53.98,54.21
2016-06-11 15:03:05.268265,55.32,55.63
2016-06-12 15:03:05.268265,54.07,53.7
2016-06-13 15:03:05.268265,50.94,51.08
2016-06-14 15:03:05.268265,47.9,47.14
2016-06-15 15:03:05.268265,46.92,47.09
2016-06-16 15:03:05.268265,49.13,49.84
2016-06-17 15:03:05.268265,50.62,50.61
2016-06-18 15:03:05.268265,51.23,50.88
2016-06-19 15:03:05.268265,51.87,52.67
2016-06-20 15:03:05.268265,53.4,53.67
2016-06-21 15:03:05.268265,52.23,51.98
2016-06-22 15:03:05.268265,52.12,52.35
2016-06-23 15:03:05.268265,52.78,52.18
2016-06-24 15:03:05.268265,52.83,52.03
2016-06-25 15:03:05.268265,53.97,54.29
2016-06-26 15:03:05.268265,52.76,52.99
2016-06-27 15:03:05.268265,54.62,54.99
2016-06-28 15:03:05.268265,54.09,54.85
2016-06-29 15:03:05.268265,53.74,52.67
2016-06-30 15:03:05.268265,55.56,54.94
2016-07-01 15:03:05.268265,54.12,55.15
2016-07-02 15:03:05.268265,55.24,56.01
2016-07-03 15:03:05.268265,56.3,55.91
2016-07-04 15:03:05.268265,58.53,59.14
2016-07-05 15:03:05.268265,56.61,56.36
2016-07-06 15:03:05.268265,57.76,56.66
2016-07-07 15:03:05.268265,57.54,57.45
2016-07-08 15:03:05.268265,59.25,59.47
2016-07-09 15:03:05.268265,59.45,59.34
2016-07-10 15:03:05.268265,56.94,56.86
2016-07-11 15:03:05.268265,53.82,52.88
2016-07-12 15:03:05.268265,56.12,57.21
2016-07-13 15:03:05.268265,54.9,54.49
2016-07-14 15:03:05.268265,54.7,54.85
2016-07-15 15:03:05.268265,54.57,53.87
2016-07-16 15:03:05.268265,50.2,50.01
2016-07-17 15:03:05.268265,50.51,51.0
2016-07-18 15:03:05.268265,51.48,51.6
2016-07-19 15:03:05.268265,52.7,53.47
2016-07-20 15:03:05.268265,49.47,50.31
2016-07-21 15:03:05.268265,50.97,51.63
2016-07-22 15:03:05.268265,52.09,52.51
2016-07-23 15:03:05.268265,51.43,50.98
2016-07-24 15:03:05.268265,51.06,50.51
2016-07-25 15:03:05.268265,53.63,52.87
2016-07-26 15:03:05.268265,53.26,53.87
2016-07-27 15:03:05.268265,55.11,54.99
2016-07-28 15:03:05.268265,57.54,56.77
2016-07-29 15:03:05.268265,58.32,57.6
2016-07-30 15:03:05.268265,56.85,56.91
2016-07-31 15:03:05.268265,55.26,55.78
2016-08-01 15:03:05.268265,54.39,55.23
2016-08-02 15:03:05.268265,54.06,54.72
2016-08-03 15:03:05.268265,53.78,52.86
2016-08-04 15:03:05.268265,55.98,56.25
2016-08-05 15:03:05.268265,58.08,58.1
2016-08-06 15:03:05.268265,58.63,59.46
2016-08-07 15:03:05.268265,59.15,59.53
2016-08-08 15:03:05.268265,58.56,57.68
2016-08-09 15:03:05.268265,58.38,58.68
2016-08-10 15:03:05.268265,57.44,56.33
2016-08-11 15:03:05.268265,58.15,59.19
2016-08-12 15:03:05.268265,58.93,59.19
2016-08-13 15:03:05.268265,60.01,60.73
2016-08-14 15:03:05.268265,61.83,62.24
2016-08-15 15:03:05.268265,60.0,60.73
2016-08-16 15:03:05.268265,58.61,59.04
2016-08-17 15:03:05.268265,59.29,58.26
2016-08-18 15:03:05.268265,58.05,57.94
2016-08-19 15:03:05.268265,58.7,59.87
2016-08-20 15:03:05.268265,58.55,58.27
2016-08-21 15:03:05.268265,59.12,58.57
2016-08-22 15:03:05.268265,60.24,59.24
2016-08-23 15:03:05.268265,60.65,60.78
2016-08-24 15:03:05.268265,59.55,59.95
2016-08-25 15:03:05.268265,60.15,60.63
2016-08-26 15:03:05.268265,58.43,57.48
2016-08-27 15:03:05.268265,59.25,59.22
2016-08-28 15:03:05.268265,60.48,60.3
2016-08-29 15:03:05.268265,60.59,61.45
2016-08-30 15:03:05.268265,60.58,59.45
2016-08-31 15:03:05.268265,57.6,58.54
2016-09-01 15:03:05.268265,54.36,53.29
2016-09-02 15:03:05.268265,51.13,50.13
2016-09-03 15:03:05.268265,52.46,52.16
2016-09-04 15:03:05.268265,52.84,52.59
2016-09-05 15:03:05.268265,53.68,54.13
2016-09-06 15:03:05.268265,56.19,55.17
2016-09-07 15:03:05.268265,55.29,55.81
2016-09-08 15:03:05.268265,56.41,56.85
2016-09-09 15:03:05.268265,57.3,56.76
2016-09-10 15:03:05.268265,56.61,57.32
2016-09-11 15:03:05.268265,57.71,57.15
2016-09-12 15:03:05.268265,58.59,57.58
2016-09-13 15:03:05.268265,58.2,59.12
2016-09-14 15:03:05.268265,55.78,55.94
2016-09-15 15:03:05.268265,55.67,55.35
2016-09-16 15:03:05.268265,55.9,55.78
2016-09-17 15:03:05.268265,54.74,54.84
2016-09-18 15:03:05.268265,51.68,52.61
2016-09-19 15:03:05.268265,50.1,50.23
2016-09-20 15:03:05.268265,50.04,50.44
2016-09-21 15:03:05.268265,52.98,52.85
2016-09-22 15:03:05.268265,54.84,55.24
2016-09-23 15:03:05.268265,51.52,50.78
2016-09-24 15:03:05.268265,49.32,49.62
2016-09-25 15:03:05.268265,49.44,49.51
2016-09-26 15:03:05.268265,47.97,47.34
2016-09-27 15:03:05.268265,47.21,47.71
2016-09-28 15:03:05.268265,44.32,43.62
2016-09-29 15:03:05.268265,44.0,44.27
2016-09-30 15:03:05.268265,44.09,44.54
2016-10-01 15:03:05.268265,44.98,44.19
2016-10-02 15:03:05.268265,45.32,45.94
2016-10-03 15:03:05.268265,44.25,44.08
2016-10-04 15:03:05.268265,42.7,41.85
2016-10-05 15:03:05.268265,43.54,43.55
2016-10-06 15:03:05.268265,43.82,43.23
2016-10-07 15:03:05.268265,43.28,42.47
2016-10-08 15:03:05.268265,41.54,41.24
2016-10-09 15:03:05.268265,43.06,42.23
2016-10-10 15:03:05.268265,43.72,43.28
2016-10-11 15:03:05.268265,43.33,43.51
2016-10-12 15:03:05.268265,43.49,43.1
2016-10-13 15:03:05.268265,41.01,41.74
2016-10-14 15:03:05.268265,43.71,44.12
2016-10-15 15:03:05.268265,44.1,43.56
2016-10-16 15:03:05.268265,45.45,45.48
2016-10-17 15:03:05.268265,46.46,46.96
2016-10-18 15:03:05.268265,42.61,43.07
2016-10-19 15:03:05.268265,40.71,40.26
2016-10-20 15:03:05.268265,41.14,41.46
2016-10-21 15:03:05.268265,42.75,43.36
2016-10-22 15:03:05.268265,43.35,44.12
2016-10-23 15:03:05.268265,42.44,43.03
2016-10-24 15:03:05.268265,42.85,43.43
2016-10-25 15:03:05.268265,42.47,42.26
2016-10-26 15:03:05.268265,40.77,40.72
2016-10-27 15:03:05.268265,38.74,38.96
2016-10-28 15:03:05.268265,37.19,37.13
2016-10-29 15:03:05.268265,36.87,36.59
2016-10-30 15:03:05.268265,37.23,37.06
2016-10-31 15:03:05.268265,34.43,34.38
2016-11-01 15:03:05.268265,31.18,31.27
2016-11-02 15:03:05.268265,33.37,33.92
2016-11-03 15:03:05.268265,32.06,32.36
2016-11-04 15:03:05.268265,31.54,31.38
2016-11-05 15:03:05.268265,30.8,30.27
2016-11-06 15:03:05.268265,31.57,31.05
2016-11-07 15:03:05.268265,29.39,29.89
2016-11-08 15:03:05.268265,29.71,29.66
2016-11-09 15:03:05.268265,28.31,27.94
2016-11-10 15:03:05.268265,29.42,29.48
2016-11-11 15:03:05.268265,30.78,31.27
2016-11-12 15:03:05.268265,30.21,30.77
2016-11-13 15:03:05.268265,31.93,31.72
2016-11-14 15:03:05.268265,32.61,33.16
2016-11-15 15:03:05.268265,33.18,32.95
2016-11-16 15:03:05.268265,35.7,35.4
2016-11-17 15:03:05.268265,35.67,35.65
2016-11-18 15:03:05.268265,34.6,34.14
2016-11-19 15:03:05.268265,35.7,35.34
2016-11-20 15:03:05.268265,35.64,35.45
2016-11-21 15:03:05.268265,37.62,37.3
2016-11-22 15:03:05.268265,36.13,35.55
2016-11-23 15:03:05.268265,34.78,34.65
2016-11-24 15:03:05.268265,36.36,35.83
2016-11-25 15:03:05.268265,37.07,37.09
2016-11-26 15:03:05.268265,39.89,40.41
2016-11-27 15:03:05.268265,41.45,42.09
2016-11-28 15:03:05.268265,39.6,40.14
2016-11-29 15:03:05.268265,38.87,39.05
2016-11-30 15:03:05.268265,39.86,40.37
2016-12-01 15:03:05.268265,38.75,38.36
2016-12-02 15:03:05.268265,35.98,35.51
2016-12-03 15:03:05.268265,34.7,34.43
2016-12-04 15:03:05.268265,35.0,34.55
2016-12-05 15:03:05.268265,38.24,38.46
2016-12-06 15:03:05.268265,39.11,38.71
2016-12-07 15:03:05.268265,38.21,38.52
2016-12-08 15:03:05.268265,38.96,39.27
2016-12-09 15:03:05.268265,39.35,39.5
2016-12-10 15:03:05.268265,37.11,36.97
2016-12-11 15:03:05.268265,35.98,36.33
2016-12-12 15:03:05.268265,34.04,33.92
2016-12-13 15:03:05.268265,35.71,36.06
2016-12-14 15:03:05.268265,38.25,37.63
2016-12-15 15:03:05.268265,37.8,37.79
2016-12-16 15:03:05.268265,37.31,36.63
2016-12-17 15:03:05.268265,39.29,39.71
2016-12-18 15:03:05.268265,39.66,39.82
2016-12-19 15:03:05.268265,42.28,42.15
2016-12-20 15:03:05.268265,43.45,42.76
2016-12-21 15:03:05.268265,45.25,45.12
2016-12-22 15:03:05.268265,43.54,43.76
2016-12-23 15:03:05.268265,42.88,42.65
2016-12-24 15:03:05.268265,42.8,42.11
2016-12-25 15:03:05.268265,43.83,43.49
2016-12-26 15:03:05.268265,46.72,46.21
2016-12-27 15:03:05.268265,46.53,46.89
2016-12-28 15:03:05.268265,48.88,48.06
2016-12-29 15:03:05.268265,47.36,46.88
2016-12-30 15:03:05.268265,47.27,47.4
2016-12-31 15:03:05.268265,45.12,44.86
2017-01-01 15:03:05.268265,45.0,45.72
2017-01-02 15:03:05.268265,44.56,44.85
2017-01-03 15:03:05.268265,43.41,43.08
2017-01-04 15:03:05.268265,42.45,41.75
2017-01-05 15:03:05.268265,41.6,42.27
2017-01-06 15:03:05.268265,38.86,39.4
2017-01-07 15:03:05.268265,39.39,39.89
2017-01-08 15:03:05.268265,39.75,40.4
2017-01-09 15:03:05.268265,39.43,39.07
2017-01-10 15:03:05.268265,38.31,37.8
2017-01-11 15:03:05.268265,37.16,37.05
2017-01-12 15:03:05.268265,36.09,36.41
2017-01-13 15:03:05.268265,34.93,35.03
2017-01-14 15:03:05.268265,35.17,35.1
2017-01-15 15:03:05.268265,35.64,35.04
2017-01-16 15:03:05.268265,36.03,35.74
2017-01-17 15:03:05.268265,38.07,37.31
2017-01-18 15:03:05.268265,41.78,40.98
2017-01-19 15:03:05.268265,39.45,39.4
2017-01-20 15:03:05.268265,39.94,39.39
2017-01-21 15:03:05.268265,41.97,41.53
2017-01-22 15:03:05.268265,40.77,40.7
2017-01-23 15:03:05.268265,41.2,41.54
2017-01-24 15:03:05.268265,38.15,37.48
2017-01-25 15:03:05.268265,37.09,37.72
2017-01-26 15:03:05.268265,36.18,36.65
2017-01-27 15:03:05.268265,38.38,37.64
2017-01-28 15:03:05.268265,37.7,37.62
2017-01-29 15:03:05.268265,39.89,40.18
2017-01-30 15:03:05.268265,39.25,39.43
2017-01-31 15:03:05.268265,40.18,40.8
2017-02-01 15:03:05.268265,41.29,40.74
2017-02-02 15:03:05.268265,40.97,41.72
2017-02-03 15:03:05.268265,42.09,41.28
2017-02-04 15:03:05.268265,41.95,42.73
2017-02-05 15:03:05.268265,43.64,44.0
2017-02-06 15:03:05.268265,44.19,43.46
2017-02-07 15:03:05.268265,45.62,44.83
2017-02-08 15:03:05.268265,45.01,45.27
2017-02-09 15:03:05.268265,45.46,45.2
2017-02-10 15:03:05.268265,42.55,42.75
2017-02-11 15:03:05.268265,42.02,42.34
2017-02-12 15:03:05.268265,39.55,39.12
2017-02-13 15:03:05.268265,39.63,39.89
2017-02-14 15:03:05.268265,40.06,40.34
2017-02-15 15:03:05.268265,38.87,38.87
2017-02-16 15:03:05.268265,38.82,38.07
2017-02-17 15:03:05.268265,37.02,37.32
2017-02-18 15:03:05.268265,35.73,35.73
2017-02-19 15:03:05.268265,34.59,35.13
2017-02-20 15:03:05.268265,36.42,36.48
2017-02-21 15:03:05.268265,37.27,36.68
2017-02-22 15:03:05.268265,38.43,39.04
2017-02-23 15:03:05.268265,39.68,39.26
2017-02-24 15:03:05.268265,37.59,36.99
2017-02-25 15:03:05.268265,38.88,38.32
2017-02-26 15:03:05.268265,38.13,37.48
2017-02-27 15:03:05.268265,36.73,36.08
2017-02-28 15:03:05.268265,36.95,37.08
2017-03-01 15:03:05.268265,37.88,37.21
2017-03-02 15:03:05.268265,36.98,36.89
2017-03-03 15:03:05.268265,36.65,37.16
2017-03-04 15:03:05.268265,33.96,34.41
2017-03-05 15:03:05.268265,32.33,32.54
2017-03-06 15:03:05.268265,28.19,28.39
2017-03-07 15:03:05.268265,28.59,28.93
2017-03-08 15:03:05.268265,30.9,30.28
2017-03-09 15:03:05.268265,29.64,29.26
2017-03-10 15:03:05.268265,28.87,29.11
2017-03-11 15:03:05.268265,28.15,28.15
2017-03-12 15:03:05.268265,26.68,27.0
2017-03-13 15:03:05.268265,24.01,24.47
2017-03-14 15:03:05.268265,25.26,25.22
2017-03-15 15:03:05.268265,24.89,24.93
2017-03-16 15:03:05.268265,24.54,24.16
2017-03-17 15:03:05.268265,26.19,26.26
2017-03-18 15:03:05.268265,27.01,27.36
2017-03-19 15:03:05.268265,26.67,27.06
2017-03-20 15:03:05.268265,26.74,26.46
2017-03-21 15:03:05.268265,27.89,27.79
2017-03-22 15:03:05.268265,27.79,27.32
2017-03-23 15:03:05.268265,23.75,23.33
2017-03-24 15:03:05.268265,24.2,23.97
2017-03-25 15:03:05.268265,24.9,25.11
2017-03-26 15:03:05.268265,24.33,24.59
2017-03-27 15:03:05.268265,23.53,23.7
2017-03-28 15:03:05.268265,24.69,24.79
2017-03-29 15:03:05.268265,25.29,25.59
2017-03-30 15:03:05.268265,24.22,24.65
2017-03-31 15:03:05.268265,24.66,24.73
2017-04-01 15:03:05.268265,25.0,24.78
2017-04-02 15:03:05.268265,23.49,23.67
2017-04-03 15:03:05.268265,23.8,23.46
2017-04-04 15:03:05.268265,24.82,25.18
2017-04-05 15:03:05.268265,26.34,26.23
2017-04-06 15:03:05.268265,27.2,27.18
2017-04-07 15:03:05.268265,28.03,27.86
2017-04-08 15:03:05.268265,27.46,27.57
2017-04-09 15:03:05.268265,26.69,27.05
2017-04-10 15:03:05.268265,26.58,27.01
2017-04-11 15:03:05.268265,25.67,25.48
2017-04-12 15:03:05.268265,25.09,24.8
2017-04-13 15:03:05.268265,25.63,25.22
2017-04-14 15:03:05.268265,26.7,27.09
2017-04-15 15:03:05.268265,27.09,27.54
2017-04-16 15:03:05.268265,27.74,27.5
2017-04-17 15:03:05.268265,26.57,26.86
2017-04-18 15:03:05.268265,23.55,23.8
2017-04-19 15:03:05.268265,23.25,23.53
2017-04-20 15:03:05.268265,23.71,23.29
2017-04-21 15:03:05.268265,24.59,24.36
2017-04-22 15:03:05.268265,24.84,25.04
2017-04-23 15:03:05.268265,24.15,23.94
2017-04-24 15:03:05.268265,22.27,22.03
2017-04-25 15:03:05.268265,22.92,23.01
2017-04-26 15:03:05.268265,25.01,24.59
2017-04-27 15:03:05.268265,24.24,24.07
2017-04-28 15:03:05.268265,22.28,22.44
2017-04-29 15:03:05.268265,22.89,23.01
2017-04-30 15:03:05.268265,21.58,21.59
2017-05-01 15:03:05.268265,21.07,21.33
2017-05-02 15:03:05.268265,19.74,19.66
2017-05-03 15:03:05.268265,18.71,18.81
2017-05-04 15:03:05.268265,19.78,20.0
2017-05-05 15:03:05.268265,19.1,18.82
2017-05-06 15:03:05.268265,16.25,16.47
2017-05-07 15:03:05.268265,16.85,16.55
2017-05-08 15:03:05.268265,15.97,16.19
2017-05-09 15:03:05.268265,17.79,17.77
2017-05-10 15:03:05.268265,18.86,18.49
2017-05-11 15:03:05.268265,20.02,19.91
2017-05-12 15:03:05.268265,20.49,20.47
2017-05-13 15:03:05.268265,19.86,19.79
2017-05-14 15:03:05.268265,19.54,19.19
2017-05-15 15:03:05.268265,19.31,19.38
2017-05-16 15:03:05.268265,20.21,20.02
2017-05-17 15:03:05.268265,19.56,19.82
2017-05-18 15:03:05.268265,19.35,19.7
2017-05-19 15:03:05.268265,19.09,19.45
2017-05-20 15:03:05.268265,18.46,18.76
2017-05-21 15:03:05.268265,19.01,18.81
2017-05-22 15:03:05.268265,18.12,18.44
2017-05-23 15:03:05.268265,18.72,18.35
2017-05-24 15:03:05.268265,16.57,16.38
2017-05-25 15:03:05.268265,13.33,13.44
2017-05-26 15:03:05.268265,13.38,13.47
2017-05-27 15:03:05.268265,13.8,13.79
